%YAML 1.1
%TAG !u! tag:unity3d.com,2011:
--- !u!1 &5809045441027300762
GameObject:
  m_ObjectHideFlags: 0
  m_CorrespondingSourceObject: {fileID: 0}
  m_PrefabInstance: {fileID: 0}
  m_PrefabAsset: {fileID: 0}
  serializedVersion: 6
  m_Component:
  - component: {fileID: 5809045441027300763}
  - component: {fileID: 5809045441027300758}
  - component: {fileID: 5809045441027300761}
  - component: {fileID: 5809045441027300760}
  - component: {fileID: 5809045441027300759}
  m_Layer: 0
  m_Name: Valve
  m_TagString: Untagged
  m_Icon: {fileID: 0}
  m_NavMeshLayer: 0
  m_StaticEditorFlags: 0
  m_IsActive: 1
--- !u!4 &5809045441027300763
Transform:
  m_ObjectHideFlags: 0
  m_CorrespondingSourceObject: {fileID: 0}
  m_PrefabInstance: {fileID: 0}
  m_PrefabAsset: {fileID: 0}
  m_GameObject: {fileID: 5809045441027300762}
  m_LocalRotation: {x: -0, y: -0, z: -0, w: 1}
  m_LocalPosition: {x: 0.278, y: -7, z: -0.011}
  m_LocalScale: {x: 1, y: 1, z: 1}
  m_Children: []
  m_Father: {fileID: 5809045442180082243}
  m_RootOrder: 1
  m_LocalEulerAnglesHint: {x: 0, y: 0, z: 0}
--- !u!33 &5809045441027300758
MeshFilter:
  m_ObjectHideFlags: 0
  m_CorrespondingSourceObject: {fileID: 0}
  m_PrefabInstance: {fileID: 0}
  m_PrefabAsset: {fileID: 0}
  m_GameObject: {fileID: 5809045441027300762}
  m_Mesh: {fileID: 10202, guid: 0000000000000000e000000000000000, type: 0}
--- !u!23 &5809045441027300761
MeshRenderer:
  m_ObjectHideFlags: 0
  m_CorrespondingSourceObject: {fileID: 0}
  m_PrefabInstance: {fileID: 0}
  m_PrefabAsset: {fileID: 0}
  m_GameObject: {fileID: 5809045441027300762}
  m_Enabled: 1
  m_CastShadows: 1
  m_ReceiveShadows: 1
  m_DynamicOccludee: 1
  m_MotionVectors: 1
  m_LightProbeUsage: 1
  m_ReflectionProbeUsage: 1
  m_RayTracingMode: 2
  m_RenderingLayerMask: 1
  m_RendererPriority: 0
  m_Materials:
  - {fileID: 2100000, guid: 6fe4452cbde83ea499dfcdc876534c10, type: 2}
  m_StaticBatchInfo:
    firstSubMesh: 0
    subMeshCount: 0
  m_StaticBatchRoot: {fileID: 0}
  m_ProbeAnchor: {fileID: 0}
  m_LightProbeVolumeOverride: {fileID: 0}
  m_ScaleInLightmap: 1
  m_ReceiveGI: 1
  m_PreserveUVs: 0
  m_IgnoreNormalsForChartDetection: 0
  m_ImportantGI: 0
  m_StitchLightmapSeams: 1
  m_SelectedEditorRenderState: 3
  m_MinimumChartSize: 4
  m_AutoUVMaxDistance: 0.5
  m_AutoUVMaxAngle: 89
  m_LightmapParameters: {fileID: 0}
  m_SortingLayerID: 0
  m_SortingLayer: 0
  m_SortingOrder: 0
--- !u!65 &5809045441027300760
BoxCollider:
  m_ObjectHideFlags: 0
  m_CorrespondingSourceObject: {fileID: 0}
  m_PrefabInstance: {fileID: 0}
  m_PrefabAsset: {fileID: 0}
  m_GameObject: {fileID: 5809045441027300762}
  m_Material: {fileID: 0}
  m_IsTrigger: 1
  m_Enabled: 1
  serializedVersion: 2
  m_Size: {x: 1, y: 14120.057, z: 1}
  m_Center: {x: 0, y: 7059.529, z: 0}
--- !u!114 &5809045441027300759
MonoBehaviour:
  m_ObjectHideFlags: 0
  m_CorrespondingSourceObject: {fileID: 0}
  m_PrefabInstance: {fileID: 0}
  m_PrefabAsset: {fileID: 0}
  m_GameObject: {fileID: 5809045441027300762}
  m_Enabled: 1
  m_EditorHideFlags: 0
  m_Script: {fileID: 11500000, guid: 61beb24c29d396d44abbdfd3c909a226, type: 3}
  m_Name: 
  m_EditorClassIdentifier: 
  interactButton: {fileID: 0}
  waterpipe: {fileID: 5809045442180082623}
--- !u!1 &5809045442180082242
GameObject:
  m_ObjectHideFlags: 0
  m_CorrespondingSourceObject: {fileID: 0}
  m_PrefabInstance: {fileID: 0}
  m_PrefabAsset: {fileID: 0}
  serializedVersion: 6
  m_Component:
  - component: {fileID: 5809045442180082243}
  - component: {fileID: 5809045442180082622}
  - component: {fileID: 5809045442180082241}
  - component: {fileID: 5809045442180082240}
  - component: {fileID: 5002612274861508211}
  - component: {fileID: 5809045442180082623}
  - component: {fileID: -5974699709324687549}
  m_Layer: 0
  m_Name: WaterPipe
  m_TagString: Untagged
  m_Icon: {fileID: 0}
  m_NavMeshLayer: 0
  m_StaticEditorFlags: 0
  m_IsActive: 1
--- !u!4 &5809045442180082243
Transform:
  m_ObjectHideFlags: 0
  m_CorrespondingSourceObject: {fileID: 0}
  m_PrefabInstance: {fileID: 0}
  m_PrefabAsset: {fileID: 0}
  m_GameObject: {fileID: 5809045442180082242}
  m_LocalRotation: {x: 0, y: 0, z: 0, w: 1}
  m_LocalPosition: {x: 0, y: 0, z: 0}
  m_LocalScale: {x: 6.9246397, y: 0.00009, z: 3.2499099}
  m_Children:
  - {fileID: 1646148486037153691}
  - {fileID: 5809045441027300763}
  - {fileID: 4999211738344108153}
  - {fileID: 3526230621463115166}
  m_Father: {fileID: 0}
  m_RootOrder: 0
  m_LocalEulerAnglesHint: {x: 0, y: 0, z: 0}
--- !u!33 &5809045442180082622
MeshFilter:
  m_ObjectHideFlags: 0
  m_CorrespondingSourceObject: {fileID: 0}
  m_PrefabInstance: {fileID: 0}
  m_PrefabAsset: {fileID: 0}
  m_GameObject: {fileID: 5809045442180082242}
  m_Mesh: {fileID: 10202, guid: 0000000000000000e000000000000000, type: 0}
--- !u!23 &5809045442180082241
MeshRenderer:
  m_ObjectHideFlags: 0
  m_CorrespondingSourceObject: {fileID: 0}
  m_PrefabInstance: {fileID: 0}
  m_PrefabAsset: {fileID: 0}
  m_GameObject: {fileID: 5809045442180082242}
  m_Enabled: 0
  m_CastShadows: 1
  m_ReceiveShadows: 1
  m_DynamicOccludee: 1
  m_MotionVectors: 1
  m_LightProbeUsage: 1
  m_ReflectionProbeUsage: 1
  m_RayTracingMode: 2
  m_RenderingLayerMask: 1
  m_RendererPriority: 0
  m_Materials:
  - {fileID: 2100000, guid: b292da8589ab1ec4186357be5e945f38, type: 2}
  m_StaticBatchInfo:
    firstSubMesh: 0
    subMeshCount: 0
  m_StaticBatchRoot: {fileID: 0}
  m_ProbeAnchor: {fileID: 0}
  m_LightProbeVolumeOverride: {fileID: 0}
  m_ScaleInLightmap: 1
  m_ReceiveGI: 1
  m_PreserveUVs: 0
  m_IgnoreNormalsForChartDetection: 0
  m_ImportantGI: 0
  m_StitchLightmapSeams: 1
  m_SelectedEditorRenderState: 3
  m_MinimumChartSize: 4
  m_AutoUVMaxDistance: 0.5
  m_AutoUVMaxAngle: 89
  m_LightmapParameters: {fileID: 0}
  m_SortingLayerID: 0
  m_SortingLayer: 0
  m_SortingOrder: 0
--- !u!65 &5809045442180082240
BoxCollider:
  m_ObjectHideFlags: 0
  m_CorrespondingSourceObject: {fileID: 0}
  m_PrefabInstance: {fileID: 0}
  m_PrefabAsset: {fileID: 0}
  m_GameObject: {fileID: 5809045442180082242}
  m_Material: {fileID: 0}
  m_IsTrigger: 0
  m_Enabled: 1
  serializedVersion: 2
  m_Size: {x: 1.7170339, y: 21614.887, z: 1.062459}
  m_Center: {x: 0.35851687, y: 10806.942, z: -0.028508903}
--- !u!82 &5002612274861508211
AudioSource:
  m_ObjectHideFlags: 0
  m_CorrespondingSourceObject: {fileID: 0}
  m_PrefabInstance: {fileID: 0}
  m_PrefabAsset: {fileID: 0}
  m_GameObject: {fileID: 5809045442180082242}
  m_Enabled: 1
  serializedVersion: 4
  OutputAudioMixerGroup: {fileID: 0}
  m_audioClip: {fileID: 0}
  m_PlayOnAwake: 0
  m_Volume: 1
  m_Pitch: 1
  Loop: 0
  Mute: 0
  Spatialize: 0
  SpatializePostEffects: 0
  Priority: 128
  DopplerLevel: 1
  MinDistance: 1
  MaxDistance: 500
  Pan2D: 0
  rolloffMode: 0
  BypassEffects: 0
  BypassListenerEffects: 0
  BypassReverbZones: 0
  rolloffCustomCurve:
    serializedVersion: 2
    m_Curve:
    - serializedVersion: 3
      time: 0
      value: 1
      inSlope: 0
      outSlope: 0
      tangentMode: 0
      weightedMode: 0
      inWeight: 0.33333334
      outWeight: 0.33333334
    - serializedVersion: 3
      time: 1
      value: 0
      inSlope: 0
      outSlope: 0
      tangentMode: 0
      weightedMode: 0
      inWeight: 0.33333334
      outWeight: 0.33333334
    m_PreInfinity: 2
    m_PostInfinity: 2
    m_RotationOrder: 4
  panLevelCustomCurve:
    serializedVersion: 2
    m_Curve:
    - serializedVersion: 3
      time: 0
      value: 0
      inSlope: 0
      outSlope: 0
      tangentMode: 0
      weightedMode: 0
      inWeight: 0.33333334
      outWeight: 0.33333334
    m_PreInfinity: 2
    m_PostInfinity: 2
    m_RotationOrder: 4
  spreadCustomCurve:
    serializedVersion: 2
    m_Curve:
    - serializedVersion: 3
      time: 0
      value: 0
      inSlope: 0
      outSlope: 0
      tangentMode: 0
      weightedMode: 0
      inWeight: 0.33333334
      outWeight: 0.33333334
    m_PreInfinity: 2
    m_PostInfinity: 2
    m_RotationOrder: 4
  reverbZoneMixCustomCurve:
    serializedVersion: 2
    m_Curve:
    - serializedVersion: 3
      time: 0
      value: 1
      inSlope: 0
      outSlope: 0
      tangentMode: 0
      weightedMode: 0
      inWeight: 0.33333334
      outWeight: 0.33333334
    m_PreInfinity: 2
    m_PostInfinity: 2
    m_RotationOrder: 4
--- !u!114 &5809045442180082623
MonoBehaviour:
  m_ObjectHideFlags: 0
  m_CorrespondingSourceObject: {fileID: 0}
  m_PrefabInstance: {fileID: 0}
  m_PrefabAsset: {fileID: 0}
  m_GameObject: {fileID: 5809045442180082242}
  m_Enabled: 1
  m_EditorHideFlags: 0
  m_Script: {fileID: 11500000, guid: 8fac47da4246cdb4499a2a616cd5c665, type: 3}
  m_Name: 
  m_EditorClassIdentifier: 
  syncMode: 0
  syncInterval: 0.1
  waterPipeParticles: {fileID: 4999211738359345803}
  waterPipeAudio: {fileID: 8300000, guid: d2ac453c0a631694ea3a585761306116, type: 3}
--- !u!114 &-5974699709324687549
MonoBehaviour:
  m_ObjectHideFlags: 0
  m_CorrespondingSourceObject: {fileID: 0}
  m_PrefabInstance: {fileID: 0}
  m_PrefabAsset: {fileID: 0}
  m_GameObject: {fileID: 5809045442180082242}
  m_Enabled: 1
  m_EditorHideFlags: 0
  m_Script: {fileID: 11500000, guid: 9b91ecbcc199f4492b9a91e820070131, type: 3}
  m_Name: 
  m_EditorClassIdentifier: 
  sceneId: 0
  serverOnly: 0
  m_AssetId: 
  hasSpawned: 0
--- !u!1 &5826076586355664089
GameObject:
  m_ObjectHideFlags: 0
  m_CorrespondingSourceObject: {fileID: 0}
  m_PrefabInstance: {fileID: 0}
  m_PrefabAsset: {fileID: 0}
  serializedVersion: 6
  m_Component:
  - component: {fileID: 1646148486037153691}
  - component: {fileID: 1053081184541766436}
  m_Layer: 8
  m_Name: icon
  m_TagString: Untagged
  m_Icon: {fileID: 0}
  m_NavMeshLayer: 0
  m_StaticEditorFlags: 0
  m_IsActive: 1
--- !u!4 &1646148486037153691
Transform:
  m_ObjectHideFlags: 0
  m_CorrespondingSourceObject: {fileID: 0}
  m_PrefabInstance: {fileID: 0}
  m_PrefabAsset: {fileID: 0}
  m_GameObject: {fileID: 5826076586355664089}
  m_LocalRotation: {x: 0, y: 0, z: 0, w: 1}
  m_LocalPosition: {x: 0.297, y: -900, z: 0.21}
  m_LocalScale: {x: 0.14441185, y: 11111.111, z: 0.30770084}
  m_Children: []
  m_Father: {fileID: 5809045442180082243}
  m_RootOrder: 0
  m_LocalEulerAnglesHint: {x: 62.327003, y: 0, z: 0}
--- !u!212 &1053081184541766436
SpriteRenderer:
  m_ObjectHideFlags: 0
  m_CorrespondingSourceObject: {fileID: 0}
  m_PrefabInstance: {fileID: 0}
  m_PrefabAsset: {fileID: 0}
  m_GameObject: {fileID: 5826076586355664089}
  m_Enabled: 1
  m_CastShadows: 0
  m_ReceiveShadows: 0
  m_DynamicOccludee: 1
  m_MotionVectors: 1
  m_LightProbeUsage: 1
  m_ReflectionProbeUsage: 1
  m_RayTracingMode: 0
  m_RenderingLayerMask: 1
  m_RendererPriority: 0
  m_Materials:
  - {fileID: 10754, guid: 0000000000000000f000000000000000, type: 0}
  m_StaticBatchInfo:
    firstSubMesh: 0
    subMeshCount: 0
  m_StaticBatchRoot: {fileID: 0}
  m_ProbeAnchor: {fileID: 0}
  m_LightProbeVolumeOverride: {fileID: 0}
  m_ScaleInLightmap: 1
  m_ReceiveGI: 1
  m_PreserveUVs: 0
  m_IgnoreNormalsForChartDetection: 0
  m_ImportantGI: 0
  m_StitchLightmapSeams: 1
  m_SelectedEditorRenderState: 0
  m_MinimumChartSize: 4
  m_AutoUVMaxDistance: 0.5
  m_AutoUVMaxAngle: 89
  m_LightmapParameters: {fileID: 0}
  m_SortingLayerID: 0
  m_SortingLayer: 0
  m_SortingOrder: 0
  m_Sprite: {fileID: 21300000, guid: a78d78ba7babf91429a50da6de38151d, type: 3}
  m_Color: {r: 1, g: 1, b: 1, a: 1}
  m_FlipX: 0
  m_FlipY: 0
  m_DrawMode: 0
  m_Size: {x: 5.12, y: 5.12}
  m_AdaptiveModeThreshold: 0.5
  m_SpriteTileMode: 0
  m_WasSpriteAssigned: 1
  m_MaskInteraction: 0
  m_SpriteSortPoint: 0
--- !u!1001 &3526230621463421958
PrefabInstance:
  m_ObjectHideFlags: 0
  serializedVersion: 2
  m_Modification:
    m_TransformParent: {fileID: 5809045442180082243}
    m_Modifications:
    - target: {fileID: 118212, guid: 400c967e5d1329c4c9dd5bc47e49d545, type: 3}
      propertyPath: m_Name
      value: SM_Prop_Hydrant_01
      objectReference: {fileID: 0}
    - target: {fileID: 479640, guid: 400c967e5d1329c4c9dd5bc47e49d545, type: 3}
      propertyPath: m_LocalPosition.x
      value: -0.187
      objectReference: {fileID: 0}
    - target: {fileID: 479640, guid: 400c967e5d1329c4c9dd5bc47e49d545, type: 3}
      propertyPath: m_LocalPosition.y
      value: 354
      objectReference: {fileID: 0}
    - target: {fileID: 479640, guid: 400c967e5d1329c4c9dd5bc47e49d545, type: 3}
      propertyPath: m_LocalPosition.z
      value: 0.027
      objectReference: {fileID: 0}
    - target: {fileID: 479640, guid: 400c967e5d1329c4c9dd5bc47e49d545, type: 3}
      propertyPath: m_LocalRotation.x
      value: -0
      objectReference: {fileID: 0}
    - target: {fileID: 479640, guid: 400c967e5d1329c4c9dd5bc47e49d545, type: 3}
      propertyPath: m_LocalRotation.y
      value: -0
      objectReference: {fileID: 0}
    - target: {fileID: 479640, guid: 400c967e5d1329c4c9dd5bc47e49d545, type: 3}
      propertyPath: m_LocalRotation.z
      value: -0
      objectReference: {fileID: 0}
    - target: {fileID: 479640, guid: 400c967e5d1329c4c9dd5bc47e49d545, type: 3}
      propertyPath: m_LocalRotation.w
      value: 1
      objectReference: {fileID: 0}
    - target: {fileID: 479640, guid: 400c967e5d1329c4c9dd5bc47e49d545, type: 3}
      propertyPath: m_RootOrder
      value: 3
      objectReference: {fileID: 0}
    - target: {fileID: 479640, guid: 400c967e5d1329c4c9dd5bc47e49d545, type: 3}
      propertyPath: m_LocalEulerAnglesHint.x
      value: 0
      objectReference: {fileID: 0}
    - target: {fileID: 479640, guid: 400c967e5d1329c4c9dd5bc47e49d545, type: 3}
      propertyPath: m_LocalEulerAnglesHint.y
      value: 0
      objectReference: {fileID: 0}
    - target: {fileID: 479640, guid: 400c967e5d1329c4c9dd5bc47e49d545, type: 3}
      propertyPath: m_LocalEulerAnglesHint.z
      value: 0
      objectReference: {fileID: 0}
    - target: {fileID: 479640, guid: 400c967e5d1329c4c9dd5bc47e49d545, type: 3}
      propertyPath: m_LocalScale.x
      value: 0.19456612
      objectReference: {fileID: 0}
    - target: {fileID: 479640, guid: 400c967e5d1329c4c9dd5bc47e49d545, type: 3}
      propertyPath: m_LocalScale.y
      value: 11374.493
      objectReference: {fileID: 0}
    - target: {fileID: 479640, guid: 400c967e5d1329c4c9dd5bc47e49d545, type: 3}
      propertyPath: m_LocalScale.z
      value: 0.38942614
      objectReference: {fileID: 0}
    m_RemovedComponents: []
  m_SourcePrefab: {fileID: 100100000, guid: 400c967e5d1329c4c9dd5bc47e49d545, type: 3}
--- !u!4 &3526230621463115166 stripped
Transform:
  m_CorrespondingSourceObject: {fileID: 479640, guid: 400c967e5d1329c4c9dd5bc47e49d545,
    type: 3}
  m_PrefabInstance: {fileID: 3526230621463421958}
  m_PrefabAsset: {fileID: 0}
--- !u!1001 &4999211738343684705
PrefabInstance:
  m_ObjectHideFlags: 0
  serializedVersion: 2
  m_Modification:
    m_TransformParent: {fileID: 5809045442180082243}
    m_Modifications:
    - target: {fileID: 117528, guid: de0fb8fabb4497b4fb140cddb057abbf, type: 3}
      propertyPath: m_Name
      value: FX_Steam
      objectReference: {fileID: 0}
    - target: {fileID: 428568, guid: de0fb8fabb4497b4fb140cddb057abbf, type: 3}
      propertyPath: m_LocalPosition.x
      value: 0.22
      objectReference: {fileID: 0}
    - target: {fileID: 428568, guid: de0fb8fabb4497b4fb140cddb057abbf, type: 3}
      propertyPath: m_LocalPosition.y
      value: 6369
      objectReference: {fileID: 0}
    - target: {fileID: 428568, guid: de0fb8fabb4497b4fb140cddb057abbf, type: 3}
      propertyPath: m_LocalPosition.z
      value: -0.035
      objectReference: {fileID: 0}
    - target: {fileID: 428568, guid: de0fb8fabb4497b4fb140cddb057abbf, type: 3}
      propertyPath: m_LocalRotation.x
      value: -0
      objectReference: {fileID: 0}
    - target: {fileID: 428568, guid: de0fb8fabb4497b4fb140cddb057abbf, type: 3}
      propertyPath: m_LocalRotation.y
      value: -0
      objectReference: {fileID: 0}
    - target: {fileID: 428568, guid: de0fb8fabb4497b4fb140cddb057abbf, type: 3}
      propertyPath: m_LocalRotation.z
      value: -0
      objectReference: {fileID: 0}
    - target: {fileID: 428568, guid: de0fb8fabb4497b4fb140cddb057abbf, type: 3}
      propertyPath: m_LocalRotation.w
      value: 1
      objectReference: {fileID: 0}
    - target: {fileID: 428568, guid: de0fb8fabb4497b4fb140cddb057abbf, type: 3}
      propertyPath: m_RootOrder
      value: 2
      objectReference: {fileID: 0}
    - target: {fileID: 428568, guid: de0fb8fabb4497b4fb140cddb057abbf, type: 3}
      propertyPath: m_LocalEulerAnglesHint.x
      value: 0
      objectReference: {fileID: 0}
    - target: {fileID: 428568, guid: de0fb8fabb4497b4fb140cddb057abbf, type: 3}
      propertyPath: m_LocalEulerAnglesHint.y
      value: 0
      objectReference: {fileID: 0}
    - target: {fileID: 428568, guid: de0fb8fabb4497b4fb140cddb057abbf, type: 3}
      propertyPath: m_LocalEulerAnglesHint.z
      value: 0
      objectReference: {fileID: 0}
    - target: {fileID: 428568, guid: de0fb8fabb4497b4fb140cddb057abbf, type: 3}
      propertyPath: m_LocalScale.x
      value: 3
      objectReference: {fileID: 0}
    - target: {fileID: 428568, guid: de0fb8fabb4497b4fb140cddb057abbf, type: 3}
      propertyPath: m_LocalScale.y
      value: 100000
      objectReference: {fileID: 0}
    - target: {fileID: 428568, guid: de0fb8fabb4497b4fb140cddb057abbf, type: 3}
      propertyPath: m_LocalScale.z
      value: 2
      objectReference: {fileID: 0}
    - target: {fileID: 19859690, guid: de0fb8fabb4497b4fb140cddb057abbf, type: 3}
      propertyPath: InitialModule.maxNumParticles
      value: 200
      objectReference: {fileID: 0}
    - target: {fileID: 19859690, guid: de0fb8fabb4497b4fb140cddb057abbf, type: 3}
      propertyPath: EmissionModule.rateOverTime.scalar
      value: 100
      objectReference: {fileID: 0}
    m_RemovedComponents: []
  m_SourcePrefab: {fileID: 100100000, guid: de0fb8fabb4497b4fb140cddb057abbf, type: 3}
--- !u!4 &4999211738344108153 stripped
Transform:
  m_CorrespondingSourceObject: {fileID: 428568, guid: de0fb8fabb4497b4fb140cddb057abbf,
    type: 3}
  m_PrefabInstance: {fileID: 4999211738343684705}
  m_PrefabAsset: {fileID: 0}
--- !u!198 &4999211738359345803 stripped
ParticleSystem:
  m_CorrespondingSourceObject: {fileID: 19859690, guid: de0fb8fabb4497b4fb140cddb057abbf,
    type: 3}
  m_PrefabInstance: {fileID: 4999211738343684705}
  m_PrefabAsset: {fileID: 0}
