%YAML 1.1
%TAG !u! tag:unity3d.com,2011:
--- !u!1 &3169515503756212297
GameObject:
  m_ObjectHideFlags: 0
  m_CorrespondingSourceObject: {fileID: 0}
  m_PrefabInstance: {fileID: 0}
  m_PrefabAsset: {fileID: 0}
  serializedVersion: 6
  m_Component:
  - component: {fileID: 2155334430871312998}
  m_Layer: 0
  m_Name: Shelf
  m_TagString: Untagged
  m_Icon: {fileID: 0}
  m_NavMeshLayer: 0
  m_StaticEditorFlags: 0
  m_IsActive: 1
--- !u!4 &2155334430871312998
Transform:
  m_ObjectHideFlags: 0
  m_CorrespondingSourceObject: {fileID: 0}
  m_PrefabInstance: {fileID: 0}
  m_PrefabAsset: {fileID: 0}
  m_GameObject: {fileID: 3169515503756212297}
  m_LocalRotation: {x: 0, y: 0, z: 0, w: 1}
  m_LocalPosition: {x: 91.2, y: 0, z: 16.3}
  m_LocalScale: {x: 1, y: 1, z: 1}
  m_Children:
  - {fileID: 3805534227339344904}
  - {fileID: 119941603368955238}
  - {fileID: 899462972989720997}
  - {fileID: 4033238832554172097}
  - {fileID: 2238556944023976609}
  - {fileID: 7064274245794790658}
  - {fileID: 6762996834494032473}
  - {fileID: 2871139406758115556}
  - {fileID: 4654977094548215715}
  m_Father: {fileID: 0}
  m_RootOrder: 0
  m_LocalEulerAnglesHint: {x: 0, y: 0, z: 0}
--- !u!1001 &118452568241707006
PrefabInstance:
  m_ObjectHideFlags: 0
  serializedVersion: 2
  m_Modification:
    m_TransformParent: {fileID: 2155334430871312998}
    m_Modifications:
    - target: {fileID: 1404184440994600, guid: 0dd2230605e7ead498df7ef8a2de3871, type: 3}
      propertyPath: m_Name
      value: SM_Prop_Shelf_01 (1)
      objectReference: {fileID: 0}
    - target: {fileID: 4166852756339352, guid: 0dd2230605e7ead498df7ef8a2de3871, type: 3}
      propertyPath: m_LocalPosition.x
      value: -39.91
      objectReference: {fileID: 0}
    - target: {fileID: 4166852756339352, guid: 0dd2230605e7ead498df7ef8a2de3871, type: 3}
      propertyPath: m_LocalPosition.y
      value: 0.1
      objectReference: {fileID: 0}
    - target: {fileID: 4166852756339352, guid: 0dd2230605e7ead498df7ef8a2de3871, type: 3}
      propertyPath: m_LocalPosition.z
      value: -59.19
      objectReference: {fileID: 0}
    - target: {fileID: 4166852756339352, guid: 0dd2230605e7ead498df7ef8a2de3871, type: 3}
      propertyPath: m_LocalRotation.x
      value: -0
      objectReference: {fileID: 0}
    - target: {fileID: 4166852756339352, guid: 0dd2230605e7ead498df7ef8a2de3871, type: 3}
      propertyPath: m_LocalRotation.y
      value: -0
      objectReference: {fileID: 0}
    - target: {fileID: 4166852756339352, guid: 0dd2230605e7ead498df7ef8a2de3871, type: 3}
      propertyPath: m_LocalRotation.z
      value: -0
      objectReference: {fileID: 0}
    - target: {fileID: 4166852756339352, guid: 0dd2230605e7ead498df7ef8a2de3871, type: 3}
      propertyPath: m_LocalRotation.w
      value: 1
      objectReference: {fileID: 0}
    - target: {fileID: 4166852756339352, guid: 0dd2230605e7ead498df7ef8a2de3871, type: 3}
      propertyPath: m_RootOrder
      value: 1
      objectReference: {fileID: 0}
    - target: {fileID: 4166852756339352, guid: 0dd2230605e7ead498df7ef8a2de3871, type: 3}
      propertyPath: m_LocalEulerAnglesHint.x
      value: 0
      objectReference: {fileID: 0}
    - target: {fileID: 4166852756339352, guid: 0dd2230605e7ead498df7ef8a2de3871, type: 3}
      propertyPath: m_LocalEulerAnglesHint.y
      value: 0
      objectReference: {fileID: 0}
    - target: {fileID: 4166852756339352, guid: 0dd2230605e7ead498df7ef8a2de3871, type: 3}
      propertyPath: m_LocalEulerAnglesHint.z
      value: 0
      objectReference: {fileID: 0}
    - target: {fileID: 4166852756339352, guid: 0dd2230605e7ead498df7ef8a2de3871, type: 3}
      propertyPath: m_LocalScale.x
      value: 2
      objectReference: {fileID: 0}
    - target: {fileID: 4166852756339352, guid: 0dd2230605e7ead498df7ef8a2de3871, type: 3}
      propertyPath: m_LocalScale.z
      value: 2
      objectReference: {fileID: 0}
    - target: {fileID: 4166852756339352, guid: 0dd2230605e7ead498df7ef8a2de3871, type: 3}
      propertyPath: m_LocalScale.y
      value: 1.5
      objectReference: {fileID: 0}
    m_RemovedComponents: []
  m_SourcePrefab: {fileID: 100100000, guid: 0dd2230605e7ead498df7ef8a2de3871, type: 3}
--- !u!4 &119941603368955238 stripped
Transform:
  m_CorrespondingSourceObject: {fileID: 4166852756339352, guid: 0dd2230605e7ead498df7ef8a2de3871,
    type: 3}
  m_PrefabInstance: {fileID: 118452568241707006}
  m_PrefabAsset: {fileID: 0}
--- !u!1001 &897661752983400445
PrefabInstance:
  m_ObjectHideFlags: 0
  serializedVersion: 2
  m_Modification:
    m_TransformParent: {fileID: 2155334430871312998}
    m_Modifications:
    - target: {fileID: 1169826152147872, guid: 5aa078dab98d6094ea860f754ce108d8, type: 3}
      propertyPath: m_Name
      value: SM_Prop_Shelf_Preset_01 (1)
      objectReference: {fileID: 0}
    - target: {fileID: 4127932975736408, guid: 5aa078dab98d6094ea860f754ce108d8, type: 3}
      propertyPath: m_LocalPosition.x
      value: -50.620003
      objectReference: {fileID: 0}
    - target: {fileID: 4127932975736408, guid: 5aa078dab98d6094ea860f754ce108d8, type: 3}
      propertyPath: m_LocalPosition.y
      value: 0.100000024
      objectReference: {fileID: 0}
    - target: {fileID: 4127932975736408, guid: 5aa078dab98d6094ea860f754ce108d8, type: 3}
      propertyPath: m_LocalPosition.z
      value: -59.159996
      objectReference: {fileID: 0}
    - target: {fileID: 4127932975736408, guid: 5aa078dab98d6094ea860f754ce108d8, type: 3}
      propertyPath: m_LocalRotation.x
      value: -0
      objectReference: {fileID: 0}
    - target: {fileID: 4127932975736408, guid: 5aa078dab98d6094ea860f754ce108d8, type: 3}
      propertyPath: m_LocalRotation.y
      value: -0
      objectReference: {fileID: 0}
    - target: {fileID: 4127932975736408, guid: 5aa078dab98d6094ea860f754ce108d8, type: 3}
      propertyPath: m_LocalRotation.z
      value: -0
      objectReference: {fileID: 0}
    - target: {fileID: 4127932975736408, guid: 5aa078dab98d6094ea860f754ce108d8, type: 3}
      propertyPath: m_LocalRotation.w
      value: 1
      objectReference: {fileID: 0}
    - target: {fileID: 4127932975736408, guid: 5aa078dab98d6094ea860f754ce108d8, type: 3}
      propertyPath: m_RootOrder
      value: 2
      objectReference: {fileID: 0}
    - target: {fileID: 4127932975736408, guid: 5aa078dab98d6094ea860f754ce108d8, type: 3}
      propertyPath: m_LocalEulerAnglesHint.x
      value: 0
      objectReference: {fileID: 0}
    - target: {fileID: 4127932975736408, guid: 5aa078dab98d6094ea860f754ce108d8, type: 3}
      propertyPath: m_LocalEulerAnglesHint.y
      value: 0
      objectReference: {fileID: 0}
    - target: {fileID: 4127932975736408, guid: 5aa078dab98d6094ea860f754ce108d8, type: 3}
      propertyPath: m_LocalEulerAnglesHint.z
      value: 0
      objectReference: {fileID: 0}
    - target: {fileID: 4127932975736408, guid: 5aa078dab98d6094ea860f754ce108d8, type: 3}
      propertyPath: m_LocalScale.x
      value: 2
      objectReference: {fileID: 0}
    - target: {fileID: 4127932975736408, guid: 5aa078dab98d6094ea860f754ce108d8, type: 3}
      propertyPath: m_LocalScale.z
      value: 2
      objectReference: {fileID: 0}
    - target: {fileID: 4127932975736408, guid: 5aa078dab98d6094ea860f754ce108d8, type: 3}
      propertyPath: m_LocalScale.y
      value: 1.5
      objectReference: {fileID: 0}
    m_RemovedComponents: []
  m_SourcePrefab: {fileID: 100100000, guid: 5aa078dab98d6094ea860f754ce108d8, type: 3}
--- !u!4 &899462972989720997 stripped
Transform:
  m_CorrespondingSourceObject: {fileID: 4127932975736408, guid: 5aa078dab98d6094ea860f754ce108d8,
    type: 3}
  m_PrefabInstance: {fileID: 897661752983400445}
  m_PrefabAsset: {fileID: 0}
--- !u!1001 &2242297924934893625
PrefabInstance:
  m_ObjectHideFlags: 0
  serializedVersion: 2
  m_Modification:
    m_TransformParent: {fileID: 2155334430871312998}
    m_Modifications:
    - target: {fileID: 1404184440994600, guid: 0dd2230605e7ead498df7ef8a2de3871, type: 3}
      propertyPath: m_Name
      value: SM_Prop_Shelf_01 (2)
      objectReference: {fileID: 0}
    - target: {fileID: 4166852756339352, guid: 0dd2230605e7ead498df7ef8a2de3871, type: 3}
      propertyPath: m_LocalPosition.x
      value: -39.91
      objectReference: {fileID: 0}
    - target: {fileID: 4166852756339352, guid: 0dd2230605e7ead498df7ef8a2de3871, type: 3}
      propertyPath: m_LocalPosition.y
      value: 0.1
      objectReference: {fileID: 0}
    - target: {fileID: 4166852756339352, guid: 0dd2230605e7ead498df7ef8a2de3871, type: 3}
      propertyPath: m_LocalPosition.z
      value: -55.72
      objectReference: {fileID: 0}
    - target: {fileID: 4166852756339352, guid: 0dd2230605e7ead498df7ef8a2de3871, type: 3}
      propertyPath: m_LocalRotation.x
      value: -0
      objectReference: {fileID: 0}
    - target: {fileID: 4166852756339352, guid: 0dd2230605e7ead498df7ef8a2de3871, type: 3}
      propertyPath: m_LocalRotation.y
      value: -0
      objectReference: {fileID: 0}
    - target: {fileID: 4166852756339352, guid: 0dd2230605e7ead498df7ef8a2de3871, type: 3}
      propertyPath: m_LocalRotation.z
      value: -0
      objectReference: {fileID: 0}
    - target: {fileID: 4166852756339352, guid: 0dd2230605e7ead498df7ef8a2de3871, type: 3}
      propertyPath: m_LocalRotation.w
      value: 1
      objectReference: {fileID: 0}
    - target: {fileID: 4166852756339352, guid: 0dd2230605e7ead498df7ef8a2de3871, type: 3}
      propertyPath: m_RootOrder
      value: 4
      objectReference: {fileID: 0}
    - target: {fileID: 4166852756339352, guid: 0dd2230605e7ead498df7ef8a2de3871, type: 3}
      propertyPath: m_LocalEulerAnglesHint.x
      value: 0
      objectReference: {fileID: 0}
    - target: {fileID: 4166852756339352, guid: 0dd2230605e7ead498df7ef8a2de3871, type: 3}
      propertyPath: m_LocalEulerAnglesHint.y
      value: 0
      objectReference: {fileID: 0}
    - target: {fileID: 4166852756339352, guid: 0dd2230605e7ead498df7ef8a2de3871, type: 3}
      propertyPath: m_LocalEulerAnglesHint.z
      value: 0
      objectReference: {fileID: 0}
    - target: {fileID: 4166852756339352, guid: 0dd2230605e7ead498df7ef8a2de3871, type: 3}
      propertyPath: m_LocalScale.x
      value: 2
      objectReference: {fileID: 0}
    - target: {fileID: 4166852756339352, guid: 0dd2230605e7ead498df7ef8a2de3871, type: 3}
      propertyPath: m_LocalScale.z
      value: 2
      objectReference: {fileID: 0}
    - target: {fileID: 4166852756339352, guid: 0dd2230605e7ead498df7ef8a2de3871, type: 3}
      propertyPath: m_LocalScale.y
      value: 1.5
      objectReference: {fileID: 0}
    m_RemovedComponents: []
  m_SourcePrefab: {fileID: 100100000, guid: 0dd2230605e7ead498df7ef8a2de3871, type: 3}
--- !u!4 &2238556944023976609 stripped
Transform:
  m_CorrespondingSourceObject: {fileID: 4166852756339352, guid: 0dd2230605e7ead498df7ef8a2de3871,
    type: 3}
  m_PrefabInstance: {fileID: 2242297924934893625}
  m_PrefabAsset: {fileID: 0}
--- !u!1001 &2870759169988599484
PrefabInstance:
  m_ObjectHideFlags: 0
  serializedVersion: 2
  m_Modification:
    m_TransformParent: {fileID: 2155334430871312998}
    m_Modifications:
    - target: {fileID: 1169826152147872, guid: 5aa078dab98d6094ea860f754ce108d8, type: 3}
      propertyPath: m_Name
      value: SM_Prop_Shelf_Preset_01 (4)
      objectReference: {fileID: 0}
    - target: {fileID: 4127932975736408, guid: 5aa078dab98d6094ea860f754ce108d8, type: 3}
      propertyPath: m_LocalPosition.x
      value: -29.8
      objectReference: {fileID: 0}
    - target: {fileID: 4127932975736408, guid: 5aa078dab98d6094ea860f754ce108d8, type: 3}
      propertyPath: m_LocalPosition.y
      value: 0.100000024
      objectReference: {fileID: 0}
    - target: {fileID: 4127932975736408, guid: 5aa078dab98d6094ea860f754ce108d8, type: 3}
      propertyPath: m_LocalPosition.z
      value: -59.159996
      objectReference: {fileID: 0}
    - target: {fileID: 4127932975736408, guid: 5aa078dab98d6094ea860f754ce108d8, type: 3}
      propertyPath: m_LocalRotation.x
      value: -0
      objectReference: {fileID: 0}
    - target: {fileID: 4127932975736408, guid: 5aa078dab98d6094ea860f754ce108d8, type: 3}
      propertyPath: m_LocalRotation.y
      value: -0
      objectReference: {fileID: 0}
    - target: {fileID: 4127932975736408, guid: 5aa078dab98d6094ea860f754ce108d8, type: 3}
      propertyPath: m_LocalRotation.z
      value: -0
      objectReference: {fileID: 0}
    - target: {fileID: 4127932975736408, guid: 5aa078dab98d6094ea860f754ce108d8, type: 3}
      propertyPath: m_LocalRotation.w
      value: 1
      objectReference: {fileID: 0}
    - target: {fileID: 4127932975736408, guid: 5aa078dab98d6094ea860f754ce108d8, type: 3}
      propertyPath: m_RootOrder
      value: 7
      objectReference: {fileID: 0}
    - target: {fileID: 4127932975736408, guid: 5aa078dab98d6094ea860f754ce108d8, type: 3}
      propertyPath: m_LocalEulerAnglesHint.x
      value: 0
      objectReference: {fileID: 0}
    - target: {fileID: 4127932975736408, guid: 5aa078dab98d6094ea860f754ce108d8, type: 3}
      propertyPath: m_LocalEulerAnglesHint.y
      value: 0
      objectReference: {fileID: 0}
    - target: {fileID: 4127932975736408, guid: 5aa078dab98d6094ea860f754ce108d8, type: 3}
      propertyPath: m_LocalEulerAnglesHint.z
      value: 0
      objectReference: {fileID: 0}
    - target: {fileID: 4127932975736408, guid: 5aa078dab98d6094ea860f754ce108d8, type: 3}
      propertyPath: m_LocalScale.x
      value: 2
      objectReference: {fileID: 0}
    - target: {fileID: 4127932975736408, guid: 5aa078dab98d6094ea860f754ce108d8, type: 3}
      propertyPath: m_LocalScale.z
      value: 2
      objectReference: {fileID: 0}
    - target: {fileID: 4127932975736408, guid: 5aa078dab98d6094ea860f754ce108d8, type: 3}
      propertyPath: m_LocalScale.y
      value: 1.5
      objectReference: {fileID: 0}
    m_RemovedComponents: []
  m_SourcePrefab: {fileID: 100100000, guid: 5aa078dab98d6094ea860f754ce108d8, type: 3}
--- !u!4 &2871139406758115556 stripped
Transform:
  m_CorrespondingSourceObject: {fileID: 4127932975736408, guid: 5aa078dab98d6094ea860f754ce108d8,
    type: 3}
  m_PrefabInstance: {fileID: 2870759169988599484}
  m_PrefabAsset: {fileID: 0}
--- !u!1001 &3801411244398352976
PrefabInstance:
  m_ObjectHideFlags: 0
  serializedVersion: 2
  m_Modification:
    m_TransformParent: {fileID: 2155334430871312998}
    m_Modifications:
    - target: {fileID: 1169826152147872, guid: 5aa078dab98d6094ea860f754ce108d8, type: 3}
      propertyPath: m_Name
      value: SM_Prop_Shelf_Preset_01
      objectReference: {fileID: 0}
    - target: {fileID: 4127932975736408, guid: 5aa078dab98d6094ea860f754ce108d8, type: 3}
      propertyPath: m_LocalPosition.x
      value: -50.620003
      objectReference: {fileID: 0}
    - target: {fileID: 4127932975736408, guid: 5aa078dab98d6094ea860f754ce108d8, type: 3}
      propertyPath: m_LocalPosition.y
      value: 0.100000024
      objectReference: {fileID: 0}
    - target: {fileID: 4127932975736408, guid: 5aa078dab98d6094ea860f754ce108d8, type: 3}
      propertyPath: m_LocalPosition.z
      value: -62.51
      objectReference: {fileID: 0}
    - target: {fileID: 4127932975736408, guid: 5aa078dab98d6094ea860f754ce108d8, type: 3}
      propertyPath: m_LocalRotation.x
      value: -0
      objectReference: {fileID: 0}
    - target: {fileID: 4127932975736408, guid: 5aa078dab98d6094ea860f754ce108d8, type: 3}
      propertyPath: m_LocalRotation.y
      value: -0
      objectReference: {fileID: 0}
    - target: {fileID: 4127932975736408, guid: 5aa078dab98d6094ea860f754ce108d8, type: 3}
      propertyPath: m_LocalRotation.z
      value: -0
      objectReference: {fileID: 0}
    - target: {fileID: 4127932975736408, guid: 5aa078dab98d6094ea860f754ce108d8, type: 3}
      propertyPath: m_LocalRotation.w
      value: 1
      objectReference: {fileID: 0}
    - target: {fileID: 4127932975736408, guid: 5aa078dab98d6094ea860f754ce108d8, type: 3}
      propertyPath: m_RootOrder
      value: 0
      objectReference: {fileID: 0}
    - target: {fileID: 4127932975736408, guid: 5aa078dab98d6094ea860f754ce108d8, type: 3}
      propertyPath: m_LocalEulerAnglesHint.x
      value: 0
      objectReference: {fileID: 0}
    - target: {fileID: 4127932975736408, guid: 5aa078dab98d6094ea860f754ce108d8, type: 3}
      propertyPath: m_LocalEulerAnglesHint.y
      value: 0
      objectReference: {fileID: 0}
    - target: {fileID: 4127932975736408, guid: 5aa078dab98d6094ea860f754ce108d8, type: 3}
      propertyPath: m_LocalEulerAnglesHint.z
      value: 0
      objectReference: {fileID: 0}
    - target: {fileID: 4127932975736408, guid: 5aa078dab98d6094ea860f754ce108d8, type: 3}
      propertyPath: m_LocalScale.x
      value: 2
      objectReference: {fileID: 0}
    - target: {fileID: 4127932975736408, guid: 5aa078dab98d6094ea860f754ce108d8, type: 3}
      propertyPath: m_LocalScale.z
      value: 2
      objectReference: {fileID: 0}
    - target: {fileID: 4127932975736408, guid: 5aa078dab98d6094ea860f754ce108d8, type: 3}
      propertyPath: m_LocalScale.y
      value: 1.5
      objectReference: {fileID: 0}
    m_RemovedComponents: []
  m_SourcePrefab: {fileID: 100100000, guid: 5aa078dab98d6094ea860f754ce108d8, type: 3}
--- !u!4 &3805534227339344904 stripped
Transform:
  m_CorrespondingSourceObject: {fileID: 4127932975736408, guid: 5aa078dab98d6094ea860f754ce108d8,
    type: 3}
  m_PrefabInstance: {fileID: 3801411244398352976}
  m_PrefabAsset: {fileID: 0}
--- !u!1001 &4032510624228391065
PrefabInstance:
  m_ObjectHideFlags: 0
  serializedVersion: 2
  m_Modification:
    m_TransformParent: {fileID: 2155334430871312998}
    m_Modifications:
    - target: {fileID: 1169826152147872, guid: 5aa078dab98d6094ea860f754ce108d8, type: 3}
      propertyPath: m_Name
      value: SM_Prop_Shelf_Preset_01 (2)
      objectReference: {fileID: 0}
    - target: {fileID: 4127932975736408, guid: 5aa078dab98d6094ea860f754ce108d8, type: 3}
      propertyPath: m_LocalPosition.x
      value: -39.86
      objectReference: {fileID: 0}
    - target: {fileID: 4127932975736408, guid: 5aa078dab98d6094ea860f754ce108d8, type: 3}
      propertyPath: m_LocalPosition.y
      value: 0.100000024
      objectReference: {fileID: 0}
    - target: {fileID: 4127932975736408, guid: 5aa078dab98d6094ea860f754ce108d8, type: 3}
      propertyPath: m_LocalPosition.z
      value: -62.51
      objectReference: {fileID: 0}
    - target: {fileID: 4127932975736408, guid: 5aa078dab98d6094ea860f754ce108d8, type: 3}
      propertyPath: m_LocalRotation.x
      value: -0
      objectReference: {fileID: 0}
    - target: {fileID: 4127932975736408, guid: 5aa078dab98d6094ea860f754ce108d8, type: 3}
      propertyPath: m_LocalRotation.y
      value: -0
      objectReference: {fileID: 0}
    - target: {fileID: 4127932975736408, guid: 5aa078dab98d6094ea860f754ce108d8, type: 3}
      propertyPath: m_LocalRotation.z
      value: -0
      objectReference: {fileID: 0}
    - target: {fileID: 4127932975736408, guid: 5aa078dab98d6094ea860f754ce108d8, type: 3}
      propertyPath: m_LocalRotation.w
      value: 1
      objectReference: {fileID: 0}
    - target: {fileID: 4127932975736408, guid: 5aa078dab98d6094ea860f754ce108d8, type: 3}
      propertyPath: m_RootOrder
      value: 3
      objectReference: {fileID: 0}
    - target: {fileID: 4127932975736408, guid: 5aa078dab98d6094ea860f754ce108d8, type: 3}
      propertyPath: m_LocalEulerAnglesHint.x
      value: 0
      objectReference: {fileID: 0}
    - target: {fileID: 4127932975736408, guid: 5aa078dab98d6094ea860f754ce108d8, type: 3}
      propertyPath: m_LocalEulerAnglesHint.y
      value: 0
      objectReference: {fileID: 0}
    - target: {fileID: 4127932975736408, guid: 5aa078dab98d6094ea860f754ce108d8, type: 3}
      propertyPath: m_LocalEulerAnglesHint.z
      value: 0
      objectReference: {fileID: 0}
    - target: {fileID: 4127932975736408, guid: 5aa078dab98d6094ea860f754ce108d8, type: 3}
      propertyPath: m_LocalScale.x
      value: 2
      objectReference: {fileID: 0}
    - target: {fileID: 4127932975736408, guid: 5aa078dab98d6094ea860f754ce108d8, type: 3}
      propertyPath: m_LocalScale.z
      value: 2
      objectReference: {fileID: 0}
    - target: {fileID: 4127932975736408, guid: 5aa078dab98d6094ea860f754ce108d8, type: 3}
      propertyPath: m_LocalScale.y
      value: 1.5
      objectReference: {fileID: 0}
    m_RemovedComponents: []
  m_SourcePrefab: {fileID: 100100000, guid: 5aa078dab98d6094ea860f754ce108d8, type: 3}
--- !u!4 &4033238832554172097 stripped
Transform:
  m_CorrespondingSourceObject: {fileID: 4127932975736408, guid: 5aa078dab98d6094ea860f754ce108d8,
    type: 3}
  m_PrefabInstance: {fileID: 4032510624228391065}
  m_PrefabAsset: {fileID: 0}
--- !u!1001 &4654189539252710715
PrefabInstance:
  m_ObjectHideFlags: 0
  serializedVersion: 2
  m_Modification:
    m_TransformParent: {fileID: 2155334430871312998}
    m_Modifications:
    - target: {fileID: 1404184440994600, guid: 0dd2230605e7ead498df7ef8a2de3871, type: 3}
      propertyPath: m_Name
      value: SM_Prop_Shelf_01 (4)
      objectReference: {fileID: 0}
    - target: {fileID: 4166852756339352, guid: 0dd2230605e7ead498df7ef8a2de3871, type: 3}
      propertyPath: m_LocalPosition.x
      value: -29.579998
      objectReference: {fileID: 0}
    - target: {fileID: 4166852756339352, guid: 0dd2230605e7ead498df7ef8a2de3871, type: 3}
      propertyPath: m_LocalPosition.y
      value: 0.1
      objectReference: {fileID: 0}
    - target: {fileID: 4166852756339352, guid: 0dd2230605e7ead498df7ef8a2de3871, type: 3}
      propertyPath: m_LocalPosition.z
      value: -55.72
      objectReference: {fileID: 0}
    - target: {fileID: 4166852756339352, guid: 0dd2230605e7ead498df7ef8a2de3871, type: 3}
      propertyPath: m_LocalRotation.x
      value: -0
      objectReference: {fileID: 0}
    - target: {fileID: 4166852756339352, guid: 0dd2230605e7ead498df7ef8a2de3871, type: 3}
      propertyPath: m_LocalRotation.y
      value: -0
      objectReference: {fileID: 0}
    - target: {fileID: 4166852756339352, guid: 0dd2230605e7ead498df7ef8a2de3871, type: 3}
      propertyPath: m_LocalRotation.z
      value: -0
      objectReference: {fileID: 0}
    - target: {fileID: 4166852756339352, guid: 0dd2230605e7ead498df7ef8a2de3871, type: 3}
      propertyPath: m_LocalRotation.w
      value: 1
      objectReference: {fileID: 0}
    - target: {fileID: 4166852756339352, guid: 0dd2230605e7ead498df7ef8a2de3871, type: 3}
      propertyPath: m_RootOrder
      value: 8
      objectReference: {fileID: 0}
    - target: {fileID: 4166852756339352, guid: 0dd2230605e7ead498df7ef8a2de3871, type: 3}
      propertyPath: m_LocalEulerAnglesHint.x
      value: 0
      objectReference: {fileID: 0}
    - target: {fileID: 4166852756339352, guid: 0dd2230605e7ead498df7ef8a2de3871, type: 3}
      propertyPath: m_LocalEulerAnglesHint.y
      value: 0
      objectReference: {fileID: 0}
    - target: {fileID: 4166852756339352, guid: 0dd2230605e7ead498df7ef8a2de3871, type: 3}
      propertyPath: m_LocalEulerAnglesHint.z
      value: 0
      objectReference: {fileID: 0}
    - target: {fileID: 4166852756339352, guid: 0dd2230605e7ead498df7ef8a2de3871, type: 3}
      propertyPath: m_LocalScale.x
      value: 2
      objectReference: {fileID: 0}
    - target: {fileID: 4166852756339352, guid: 0dd2230605e7ead498df7ef8a2de3871, type: 3}
      propertyPath: m_LocalScale.z
      value: 2
      objectReference: {fileID: 0}
    - target: {fileID: 4166852756339352, guid: 0dd2230605e7ead498df7ef8a2de3871, type: 3}
      propertyPath: m_LocalScale.y
      value: 1.5
      objectReference: {fileID: 0}
    m_RemovedComponents: []
  m_SourcePrefab: {fileID: 100100000, guid: 0dd2230605e7ead498df7ef8a2de3871, type: 3}
--- !u!4 &4654977094548215715 stripped
Transform:
  m_CorrespondingSourceObject: {fileID: 4166852756339352, guid: 0dd2230605e7ead498df7ef8a2de3871,
    type: 3}
  m_PrefabInstance: {fileID: 4654189539252710715}
  m_PrefabAsset: {fileID: 0}
--- !u!1001 &6761125282271677441
PrefabInstance:
  m_ObjectHideFlags: 0
  serializedVersion: 2
  m_Modification:
    m_TransformParent: {fileID: 2155334430871312998}
    m_Modifications:
    - target: {fileID: 1169826152147872, guid: 5aa078dab98d6094ea860f754ce108d8, type: 3}
      propertyPath: m_Name
      value: SM_Prop_Shelf_Preset_01 (3)
      objectReference: {fileID: 0}
    - target: {fileID: 4127932975736408, guid: 5aa078dab98d6094ea860f754ce108d8, type: 3}
      propertyPath: m_LocalPosition.x
      value: -29.8
      objectReference: {fileID: 0}
    - target: {fileID: 4127932975736408, guid: 5aa078dab98d6094ea860f754ce108d8, type: 3}
      propertyPath: m_LocalPosition.y
      value: 0.100000024
      objectReference: {fileID: 0}
    - target: {fileID: 4127932975736408, guid: 5aa078dab98d6094ea860f754ce108d8, type: 3}
      propertyPath: m_LocalPosition.z
      value: -62.51
      objectReference: {fileID: 0}
    - target: {fileID: 4127932975736408, guid: 5aa078dab98d6094ea860f754ce108d8, type: 3}
      propertyPath: m_LocalRotation.x
      value: -0
      objectReference: {fileID: 0}
    - target: {fileID: 4127932975736408, guid: 5aa078dab98d6094ea860f754ce108d8, type: 3}
      propertyPath: m_LocalRotation.y
      value: -0
      objectReference: {fileID: 0}
    - target: {fileID: 4127932975736408, guid: 5aa078dab98d6094ea860f754ce108d8, type: 3}
      propertyPath: m_LocalRotation.z
      value: -0
      objectReference: {fileID: 0}
    - target: {fileID: 4127932975736408, guid: 5aa078dab98d6094ea860f754ce108d8, type: 3}
      propertyPath: m_LocalRotation.w
      value: 1
      objectReference: {fileID: 0}
    - target: {fileID: 4127932975736408, guid: 5aa078dab98d6094ea860f754ce108d8, type: 3}
      propertyPath: m_RootOrder
      value: 6
      objectReference: {fileID: 0}
    - target: {fileID: 4127932975736408, guid: 5aa078dab98d6094ea860f754ce108d8, type: 3}
      propertyPath: m_LocalEulerAnglesHint.x
      value: 0
      objectReference: {fileID: 0}
    - target: {fileID: 4127932975736408, guid: 5aa078dab98d6094ea860f754ce108d8, type: 3}
      propertyPath: m_LocalEulerAnglesHint.y
      value: 0
      objectReference: {fileID: 0}
    - target: {fileID: 4127932975736408, guid: 5aa078dab98d6094ea860f754ce108d8, type: 3}
      propertyPath: m_LocalEulerAnglesHint.z
      value: 0
      objectReference: {fileID: 0}
    - target: {fileID: 4127932975736408, guid: 5aa078dab98d6094ea860f754ce108d8, type: 3}
      propertyPath: m_LocalScale.x
      value: 2
      objectReference: {fileID: 0}
    - target: {fileID: 4127932975736408, guid: 5aa078dab98d6094ea860f754ce108d8, type: 3}
      propertyPath: m_LocalScale.z
      value: 2
      objectReference: {fileID: 0}
    - target: {fileID: 4127932975736408, guid: 5aa078dab98d6094ea860f754ce108d8, type: 3}
      propertyPath: m_LocalScale.y
      value: 1.5
      objectReference: {fileID: 0}
    m_RemovedComponents: []
  m_SourcePrefab: {fileID: 100100000, guid: 5aa078dab98d6094ea860f754ce108d8, type: 3}
--- !u!4 &6762996834494032473 stripped
Transform:
  m_CorrespondingSourceObject: {fileID: 4127932975736408, guid: 5aa078dab98d6094ea860f754ce108d8,
    type: 3}
  m_PrefabInstance: {fileID: 6761125282271677441}
  m_PrefabAsset: {fileID: 0}
--- !u!1001 &7063784160000116634
PrefabInstance:
  m_ObjectHideFlags: 0
  serializedVersion: 2
  m_Modification:
    m_TransformParent: {fileID: 2155334430871312998}
    m_Modifications:
    - target: {fileID: 1404184440994600, guid: 0dd2230605e7ead498df7ef8a2de3871, type: 3}
      propertyPath: m_Name
      value: SM_Prop_Shelf_01 (3)
      objectReference: {fileID: 0}
    - target: {fileID: 4166852756339352, guid: 0dd2230605e7ead498df7ef8a2de3871, type: 3}
      propertyPath: m_LocalPosition.x
      value: -50.4
      objectReference: {fileID: 0}
    - target: {fileID: 4166852756339352, guid: 0dd2230605e7ead498df7ef8a2de3871, type: 3}
      propertyPath: m_LocalPosition.y
      value: 0.1
      objectReference: {fileID: 0}
    - target: {fileID: 4166852756339352, guid: 0dd2230605e7ead498df7ef8a2de3871, type: 3}
      propertyPath: m_LocalPosition.z
      value: -55.72
      objectReference: {fileID: 0}
    - target: {fileID: 4166852756339352, guid: 0dd2230605e7ead498df7ef8a2de3871, type: 3}
      propertyPath: m_LocalRotation.x
      value: -0
      objectReference: {fileID: 0}
    - target: {fileID: 4166852756339352, guid: 0dd2230605e7ead498df7ef8a2de3871, type: 3}
      propertyPath: m_LocalRotation.y
      value: -0
      objectReference: {fileID: 0}
    - target: {fileID: 4166852756339352, guid: 0dd2230605e7ead498df7ef8a2de3871, type: 3}
      propertyPath: m_LocalRotation.z
      value: -0
      objectReference: {fileID: 0}
    - target: {fileID: 4166852756339352, guid: 0dd2230605e7ead498df7ef8a2de3871, type: 3}
      propertyPath: m_LocalRotation.w
      value: 1
      objectReference: {fileID: 0}
    - target: {fileID: 4166852756339352, guid: 0dd2230605e7ead498df7ef8a2de3871, type: 3}
      propertyPath: m_RootOrder
      value: 5
      objectReference: {fileID: 0}
    - target: {fileID: 4166852756339352, guid: 0dd2230605e7ead498df7ef8a2de3871, type: 3}
      propertyPath: m_LocalEulerAnglesHint.x
      value: 0
      objectReference: {fileID: 0}
    - target: {fileID: 4166852756339352, guid: 0dd2230605e7ead498df7ef8a2de3871, type: 3}
      propertyPath: m_LocalEulerAnglesHint.y
      value: 0
      objectReference: {fileID: 0}
    - target: {fileID: 4166852756339352, guid: 0dd2230605e7ead498df7ef8a2de3871, type: 3}
      propertyPath: m_LocalEulerAnglesHint.z
      value: 0
      objectReference: {fileID: 0}
    - target: {fileID: 4166852756339352, guid: 0dd2230605e7ead498df7ef8a2de3871, type: 3}
      propertyPath: m_LocalScale.x
      value: 2
      objectReference: {fileID: 0}
    - target: {fileID: 4166852756339352, guid: 0dd2230605e7ead498df7ef8a2de3871, type: 3}
      propertyPath: m_LocalScale.z
      value: 2
      objectReference: {fileID: 0}
    - target: {fileID: 4166852756339352, guid: 0dd2230605e7ead498df7ef8a2de3871, type: 3}
      propertyPath: m_LocalScale.y
      value: 1.5
      objectReference: {fileID: 0}
    m_RemovedComponents: []
  m_SourcePrefab: {fileID: 100100000, guid: 0dd2230605e7ead498df7ef8a2de3871, type: 3}
--- !u!4 &7064274245794790658 stripped
Transform:
  m_CorrespondingSourceObject: {fileID: 4166852756339352, guid: 0dd2230605e7ead498df7ef8a2de3871,
    type: 3}
  m_PrefabInstance: {fileID: 7063784160000116634}
  m_PrefabAsset: {fileID: 0}
