%YAML 1.1
%TAG !u! tag:unity3d.com,2011:
--- !u!29 &1
OcclusionCullingSettings:
  m_ObjectHideFlags: 0
  serializedVersion: 2
  m_OcclusionBakeSettings:
    smallestOccluder: 5
    smallestHole: 0.25
    backfaceThreshold: 100
  m_SceneGUID: 00000000000000000000000000000000
  m_OcclusionCullingData: {fileID: 0}
--- !u!104 &2
RenderSettings:
  m_ObjectHideFlags: 0
  serializedVersion: 9
  m_Fog: 0
  m_FogColor: {r: 0.5, g: 0.5, b: 0.5, a: 1}
  m_FogMode: 3
  m_FogDensity: 0.01
  m_LinearFogStart: 0
  m_LinearFogEnd: 300
  m_AmbientSkyColor: {r: 0, g: 0, b: 0, a: 1}
  m_AmbientEquatorColor: {r: 0.114, g: 0.125, b: 0.133, a: 1}
  m_AmbientGroundColor: {r: 0.047, g: 0.043, b: 0.035, a: 1}
  m_AmbientIntensity: 1
  m_AmbientMode: 0
  m_SubtractiveShadowColor: {r: 0.42, g: 0.478, b: 0.627, a: 1}
  m_SkyboxMaterial: {fileID: 0}
  m_HaloStrength: 0.5
  m_FlareStrength: 1
  m_FlareFadeSpeed: 3
  m_HaloTexture: {fileID: 0}
  m_SpotCookie: {fileID: 10001, guid: 0000000000000000e000000000000000, type: 0}
  m_DefaultReflectionMode: 0
  m_DefaultReflectionResolution: 128
  m_ReflectionBounces: 1
  m_ReflectionIntensity: 1
  m_CustomReflection: {fileID: 0}
  m_Sun: {fileID: 0}
  m_IndirectSpecularColor: {r: 0, g: 0, b: 0, a: 1}
  m_UseRadianceAmbientProbe: 0
--- !u!157 &3
LightmapSettings:
  m_ObjectHideFlags: 0
  serializedVersion: 11
  m_GIWorkflowMode: 0
  m_GISettings:
    serializedVersion: 2
    m_BounceScale: 1
    m_IndirectOutputScale: 1
    m_AlbedoBoost: 1
    m_EnvironmentLightingMode: 0
    m_EnableBakedLightmaps: 1
    m_EnableRealtimeLightmaps: 0
  m_LightmapEditorSettings:
    serializedVersion: 12
    m_Resolution: 2
    m_BakeResolution: 40
    m_AtlasSize: 1024
    m_AO: 0
    m_AOMaxDistance: 1
    m_CompAOExponent: 1
    m_CompAOExponentDirect: 0
    m_ExtractAmbientOcclusion: 0
    m_Padding: 2
    m_LightmapParameters: {fileID: 0}
    m_LightmapsBakeMode: 1
    m_TextureCompression: 1
    m_FinalGather: 0
    m_FinalGatherFiltering: 1
    m_FinalGatherRayCount: 256
    m_ReflectionCompression: 2
    m_MixedBakeMode: 2
    m_BakeBackend: 1
    m_PVRSampling: 1
    m_PVRDirectSampleCount: 32
    m_PVRSampleCount: 500
    m_PVRBounces: 2
    m_PVREnvironmentSampleCount: 500
    m_PVREnvironmentReferencePointCount: 2048
    m_PVRFilteringMode: 2
    m_PVRDenoiserTypeDirect: 0
    m_PVRDenoiserTypeIndirect: 0
    m_PVRDenoiserTypeAO: 0
    m_PVRFilterTypeDirect: 0
    m_PVRFilterTypeIndirect: 0
    m_PVRFilterTypeAO: 0
    m_PVREnvironmentMIS: 0
    m_PVRCulling: 1
    m_PVRFilteringGaussRadiusDirect: 1
    m_PVRFilteringGaussRadiusIndirect: 5
    m_PVRFilteringGaussRadiusAO: 2
    m_PVRFilteringAtrousPositionSigmaDirect: 0.5
    m_PVRFilteringAtrousPositionSigmaIndirect: 2
    m_PVRFilteringAtrousPositionSigmaAO: 1
    m_ExportTrainingData: 0
    m_TrainingDataDestination: TrainingData
    m_LightProbeSampleCountMultiplier: 4
  m_LightingDataAsset: {fileID: 112000000, guid: 6aa064b54d3b1af45980ae432bb3905b,
    type: 2}
  m_UseShadowmask: 0
--- !u!196 &4
NavMeshSettings:
  serializedVersion: 2
  m_ObjectHideFlags: 0
  m_BuildSettings:
    serializedVersion: 2
    agentTypeID: 0
    agentRadius: 0.5
    agentHeight: 2
    agentSlope: 45
    agentClimb: 0.4
    ledgeDropHeight: 0
    maxJumpAcrossDistance: 0
    minRegionArea: 2
    manualCellSize: 0
    cellSize: 0.16666667
    manualTileSize: 0
    tileSize: 256
    accuratePlacement: 0
    debug:
      m_Flags: 0
  m_NavMeshData: {fileID: 0}
--- !u!1 &45908481
GameObject:
  m_ObjectHideFlags: 0
  m_CorrespondingSourceObject: {fileID: 0}
  m_PrefabInstance: {fileID: 0}
  m_PrefabAsset: {fileID: 0}
  serializedVersion: 6
  m_Component:
  - component: {fileID: 45908482}
  m_Layer: 0
  m_Name: ====== UI ======
  m_TagString: Untagged
  m_Icon: {fileID: 0}
  m_NavMeshLayer: 0
  m_StaticEditorFlags: 0
  m_IsActive: 1
--- !u!4 &45908482
Transform:
  m_ObjectHideFlags: 0
  m_CorrespondingSourceObject: {fileID: 0}
  m_PrefabInstance: {fileID: 0}
  m_PrefabAsset: {fileID: 0}
  m_GameObject: {fileID: 45908481}
  m_LocalRotation: {x: 0, y: 0, z: 0, w: 1}
  m_LocalPosition: {x: 79.59892, y: -62.92177, z: 6.729594}
  m_LocalScale: {x: 1, y: 1, z: 1}
  m_Children: []
  m_Father: {fileID: 0}
  m_RootOrder: 5
  m_LocalEulerAnglesHint: {x: 0, y: 0, z: 0}
--- !u!1 &654218213 stripped
GameObject:
  m_CorrespondingSourceObject: {fileID: 6866737460064359837, guid: 744d5e813dd71fa499df5930b66900a4,
    type: 3}
  m_PrefabInstance: {fileID: 6866737459644827256}
  m_PrefabAsset: {fileID: 0}
--- !u!1 &734687541
GameObject:
  m_ObjectHideFlags: 0
  m_CorrespondingSourceObject: {fileID: 0}
  m_PrefabInstance: {fileID: 0}
  m_PrefabAsset: {fileID: 0}
  serializedVersion: 6
  m_Component:
  - component: {fileID: 734687542}
  m_Layer: 0
  m_Name: ====== SCENE ======
  m_TagString: Untagged
  m_Icon: {fileID: 0}
  m_NavMeshLayer: 0
  m_StaticEditorFlags: 0
  m_IsActive: 1
--- !u!4 &734687542
Transform:
  m_ObjectHideFlags: 0
  m_CorrespondingSourceObject: {fileID: 0}
  m_PrefabInstance: {fileID: 0}
  m_PrefabAsset: {fileID: 0}
  m_GameObject: {fileID: 734687541}
  m_LocalRotation: {x: 0, y: 0, z: 0, w: 1}
  m_LocalPosition: {x: 0, y: 1000, z: 0}
  m_LocalScale: {x: 1, y: 1, z: 1}
  m_Children: []
  m_Father: {fileID: 0}
  m_RootOrder: 7
  m_LocalEulerAnglesHint: {x: 0, y: 0, z: 0}
--- !u!1 &1220013706 stripped
GameObject:
  m_CorrespondingSourceObject: {fileID: 6866737460840786162, guid: 744d5e813dd71fa499df5930b66900a4,
    type: 3}
  m_PrefabInstance: {fileID: 6866737459644827256}
  m_PrefabAsset: {fileID: 0}
--- !u!1 &1292809519
GameObject:
  m_ObjectHideFlags: 0
  m_CorrespondingSourceObject: {fileID: 0}
  m_PrefabInstance: {fileID: 0}
  m_PrefabAsset: {fileID: 0}
  serializedVersion: 6
  m_Component:
  - component: {fileID: 1292809520}
  m_Layer: 0
  m_Name: ====== SYSTEM ======
  m_TagString: Untagged
  m_Icon: {fileID: 0}
  m_NavMeshLayer: 0
  m_StaticEditorFlags: 0
  m_IsActive: 1
--- !u!4 &1292809520
Transform:
  m_ObjectHideFlags: 0
  m_CorrespondingSourceObject: {fileID: 0}
  m_PrefabInstance: {fileID: 0}
  m_PrefabAsset: {fileID: 0}
  m_GameObject: {fileID: 1292809519}
  m_LocalRotation: {x: 0, y: 0, z: 0, w: 1}
  m_LocalPosition: {x: 79.59892, y: -62.92177, z: 6.729594}
  m_LocalScale: {x: 1, y: 1, z: 1}
  m_Children: []
  m_Father: {fileID: 0}
  m_RootOrder: 2
  m_LocalEulerAnglesHint: {x: 0, y: 0, z: 0}
--- !u!1 &1482838716
GameObject:
  m_ObjectHideFlags: 0
  m_CorrespondingSourceObject: {fileID: 0}
  m_PrefabInstance: {fileID: 0}
  m_PrefabAsset: {fileID: 0}
  serializedVersion: 6
  m_Component:
  - component: {fileID: 1482838720}
  - component: {fileID: 1482838719}
  - component: {fileID: 1482838718}
  - component: {fileID: 1482838717}
  m_Layer: 0
  m_Name: Test
  m_TagString: Untagged
  m_Icon: {fileID: 0}
  m_NavMeshLayer: 0
  m_StaticEditorFlags: 0
  m_IsActive: 1
--- !u!65 &1482838717
BoxCollider:
  m_ObjectHideFlags: 0
  m_CorrespondingSourceObject: {fileID: 0}
  m_PrefabInstance: {fileID: 0}
  m_PrefabAsset: {fileID: 0}
  m_GameObject: {fileID: 1482838716}
  m_Material: {fileID: 0}
  m_IsTrigger: 0
  m_Enabled: 1
  serializedVersion: 2
  m_Size: {x: 1, y: 1, z: 1}
  m_Center: {x: 0, y: 0, z: 0}
--- !u!23 &1482838718
MeshRenderer:
  m_ObjectHideFlags: 0
  m_CorrespondingSourceObject: {fileID: 0}
  m_PrefabInstance: {fileID: 0}
  m_PrefabAsset: {fileID: 0}
  m_GameObject: {fileID: 1482838716}
  m_Enabled: 1
  m_CastShadows: 1
  m_ReceiveShadows: 1
  m_DynamicOccludee: 1
  m_MotionVectors: 1
  m_LightProbeUsage: 1
  m_ReflectionProbeUsage: 1
  m_RayTracingMode: 2
  m_RenderingLayerMask: 1
  m_RendererPriority: 0
  m_Materials:
  - {fileID: 2100000, guid: b292da8589ab1ec4186357be5e945f38, type: 2}
  m_StaticBatchInfo:
    firstSubMesh: 0
    subMeshCount: 0
  m_StaticBatchRoot: {fileID: 0}
  m_ProbeAnchor: {fileID: 0}
  m_LightProbeVolumeOverride: {fileID: 0}
  m_ScaleInLightmap: 1
  m_ReceiveGI: 1
  m_PreserveUVs: 0
  m_IgnoreNormalsForChartDetection: 0
  m_ImportantGI: 0
  m_StitchLightmapSeams: 1
  m_SelectedEditorRenderState: 3
  m_MinimumChartSize: 4
  m_AutoUVMaxDistance: 0.5
  m_AutoUVMaxAngle: 89
  m_LightmapParameters: {fileID: 0}
  m_SortingLayerID: 0
  m_SortingLayer: 0
  m_SortingOrder: 0
--- !u!33 &1482838719
MeshFilter:
  m_ObjectHideFlags: 0
  m_CorrespondingSourceObject: {fileID: 0}
  m_PrefabInstance: {fileID: 0}
  m_PrefabAsset: {fileID: 0}
  m_GameObject: {fileID: 1482838716}
  m_Mesh: {fileID: 10202, guid: 0000000000000000e000000000000000, type: 0}
--- !u!4 &1482838720
Transform:
  m_ObjectHideFlags: 0
  m_CorrespondingSourceObject: {fileID: 0}
  m_PrefabInstance: {fileID: 0}
  m_PrefabAsset: {fileID: 0}
  m_GameObject: {fileID: 1482838716}
  m_LocalRotation: {x: 0, y: 0, z: 0, w: 1}
  m_LocalPosition: {x: 0, y: -0.65, z: 0}
  m_LocalScale: {x: 100, y: 1, z: 100}
  m_Children: []
  m_Father: {fileID: 0}
  m_RootOrder: 13
  m_LocalEulerAnglesHint: {x: 0, y: 0, z: 0}
--- !u!1 &1932926906
GameObject:
  m_ObjectHideFlags: 0
  m_CorrespondingSourceObject: {fileID: 0}
  m_PrefabInstance: {fileID: 0}
  m_PrefabAsset: {fileID: 0}
  serializedVersion: 6
  m_Component:
  - component: {fileID: 1932926908}
  - component: {fileID: 1932926907}
  m_Layer: 0
  m_Name: Directional Light
  m_TagString: Untagged
  m_Icon: {fileID: 0}
  m_NavMeshLayer: 0
  m_StaticEditorFlags: 0
  m_IsActive: 1
--- !u!108 &1932926907
Light:
  m_ObjectHideFlags: 0
  m_CorrespondingSourceObject: {fileID: 0}
  m_PrefabInstance: {fileID: 0}
  m_PrefabAsset: {fileID: 0}
  m_GameObject: {fileID: 1932926906}
  m_Enabled: 1
  serializedVersion: 10
  m_Type: 1
  m_Shape: 0
  m_Color: {r: 1, g: 1, b: 1, a: 1}
  m_Intensity: 1
  m_Range: 10
  m_SpotAngle: 30
  m_InnerSpotAngle: 21.80208
  m_CookieSize: 10
  m_Shadows:
    m_Type: 0
    m_Resolution: -1
    m_CustomResolution: -1
    m_Strength: 1
    m_Bias: 0.05
    m_NormalBias: 0.4
    m_NearPlane: 0.2
    m_CullingMatrixOverride:
      e00: 1
      e01: 0
      e02: 0
      e03: 0
      e10: 0
      e11: 1
      e12: 0
      e13: 0
      e20: 0
      e21: 0
      e22: 1
      e23: 0
      e30: 0
      e31: 0
      e32: 0
      e33: 1
    m_UseCullingMatrixOverride: 0
  m_Cookie: {fileID: 0}
  m_DrawHalo: 0
  m_Flare: {fileID: 0}
  m_RenderMode: 0
  m_CullingMask:
    serializedVersion: 2
    m_Bits: 4294967295
  m_RenderingLayerMask: 1
  m_Lightmapping: 4
  m_LightShadowCasterMode: 0
  m_AreaSize: {x: 1, y: 1}
  m_BounceIntensity: 1
  m_ColorTemperature: 6570
  m_UseColorTemperature: 0
  m_BoundingSphereOverride: {x: 0, y: 0, z: 0, w: 0}
  m_UseBoundingSphereOverride: 0
  m_ShadowRadius: 0
  m_ShadowAngle: 0
--- !u!4 &1932926908
Transform:
  m_ObjectHideFlags: 0
  m_CorrespondingSourceObject: {fileID: 0}
  m_PrefabInstance: {fileID: 0}
  m_PrefabAsset: {fileID: 0}
  m_GameObject: {fileID: 1932926906}
  m_LocalRotation: {x: -0.48922557, y: 0.22317043, z: -0.13109423, w: -0.83286715}
  m_LocalPosition: {x: 45.673462, y: -306.73978, z: -222.63602}
  m_LocalScale: {x: 1, y: 1, z: 1}
  m_Children: []
  m_Father: {fileID: 0}
  m_RootOrder: 3
  m_LocalEulerAnglesHint: {x: 50, y: -30, z: 0}
--- !u!1 &1938627469 stripped
GameObject:
  m_CorrespondingSourceObject: {fileID: 7241163564026431097, guid: 7652df776a2f5a44c89e3569a2c4aede,
    type: 3}
  m_PrefabInstance: {fileID: 7241163562675150324}
  m_PrefabAsset: {fileID: 0}
--- !u!1 &1958109779
GameObject:
  m_ObjectHideFlags: 0
  m_CorrespondingSourceObject: {fileID: 0}
  m_PrefabInstance: {fileID: 0}
  m_PrefabAsset: {fileID: 0}
  serializedVersion: 6
  m_Component:
  - component: {fileID: 1958109782}
  - component: {fileID: 1958109781}
  - component: {fileID: 1958109780}
  m_Layer: 0
  m_Name: EventSystem
  m_TagString: Untagged
  m_Icon: {fileID: 0}
  m_NavMeshLayer: 0
  m_StaticEditorFlags: 0
  m_IsActive: 1
--- !u!114 &1958109780
MonoBehaviour:
  m_ObjectHideFlags: 0
  m_CorrespondingSourceObject: {fileID: 0}
  m_PrefabInstance: {fileID: 0}
  m_PrefabAsset: {fileID: 0}
  m_GameObject: {fileID: 1958109779}
  m_Enabled: 1
  m_EditorHideFlags: 0
  m_Script: {fileID: 11500000, guid: 4f231c4fb786f3946a6b90b886c48677, type: 3}
  m_Name: 
  m_EditorClassIdentifier: 
  m_HorizontalAxis: Horizontal
  m_VerticalAxis: Vertical
  m_SubmitButton: Submit
  m_CancelButton: Cancel
  m_InputActionsPerSecond: 10
  m_RepeatDelay: 0.5
  m_ForceModuleActive: 0
--- !u!114 &1958109781
MonoBehaviour:
  m_ObjectHideFlags: 0
  m_CorrespondingSourceObject: {fileID: 0}
  m_PrefabInstance: {fileID: 0}
  m_PrefabAsset: {fileID: 0}
  m_GameObject: {fileID: 1958109779}
  m_Enabled: 1
  m_EditorHideFlags: 0
  m_Script: {fileID: 11500000, guid: 76c392e42b5098c458856cdf6ecaaaa1, type: 3}
  m_Name: 
  m_EditorClassIdentifier: 
  m_FirstSelected: {fileID: 0}
  m_sendNavigationEvents: 1
  m_DragThreshold: 10
--- !u!4 &1958109782
Transform:
  m_ObjectHideFlags: 0
  m_CorrespondingSourceObject: {fileID: 0}
  m_PrefabInstance: {fileID: 0}
  m_PrefabAsset: {fileID: 0}
  m_GameObject: {fileID: 1958109779}
  m_LocalRotation: {x: 0, y: 0, z: 0, w: 1}
  m_LocalPosition: {x: 0, y: 0, z: 0}
  m_LocalScale: {x: 1, y: 1, z: 1}
  m_Children: []
  m_Father: {fileID: 0}
  m_RootOrder: 4
  m_LocalEulerAnglesHint: {x: 0, y: 0, z: 0}
--- !u!1 &1968429192 stripped
GameObject:
  m_CorrespondingSourceObject: {fileID: 6866737461434539760, guid: 744d5e813dd71fa499df5930b66900a4,
    type: 3}
  m_PrefabInstance: {fileID: 6866737459644827256}
  m_PrefabAsset: {fileID: 0}
--- !u!95 &1968429194 stripped
Animator:
  m_CorrespondingSourceObject: {fileID: 6866737461434539762, guid: 744d5e813dd71fa499df5930b66900a4,
    type: 3}
  m_PrefabInstance: {fileID: 6866737459644827256}
  m_PrefabAsset: {fileID: 0}
--- !u!1001 &2026737764
PrefabInstance:
  m_ObjectHideFlags: 0
  serializedVersion: 2
  m_Modification:
    m_TransformParent: {fileID: 0}
    m_Modifications:
    - target: {fileID: 8379354251276882818, guid: ee34adc042fae7c44b4bea47b2d86420,
        type: 3}
      propertyPath: m_Name
      value: Main Camera
      objectReference: {fileID: 0}
    - target: {fileID: 8379354251276882821, guid: ee34adc042fae7c44b4bea47b2d86420,
        type: 3}
      propertyPath: m_LocalPosition.x
      value: 0
      objectReference: {fileID: 0}
    - target: {fileID: 8379354251276882821, guid: ee34adc042fae7c44b4bea47b2d86420,
        type: 3}
      propertyPath: m_LocalPosition.y
      value: 0
      objectReference: {fileID: 0}
    - target: {fileID: 8379354251276882821, guid: ee34adc042fae7c44b4bea47b2d86420,
        type: 3}
      propertyPath: m_LocalPosition.z
      value: 0
      objectReference: {fileID: 0}
    - target: {fileID: 8379354251276882821, guid: ee34adc042fae7c44b4bea47b2d86420,
        type: 3}
      propertyPath: m_LocalRotation.x
      value: 0.38268346
      objectReference: {fileID: 0}
    - target: {fileID: 8379354251276882821, guid: ee34adc042fae7c44b4bea47b2d86420,
        type: 3}
      propertyPath: m_LocalRotation.y
      value: 0
      objectReference: {fileID: 0}
    - target: {fileID: 8379354251276882821, guid: ee34adc042fae7c44b4bea47b2d86420,
        type: 3}
      propertyPath: m_LocalRotation.z
      value: 0
      objectReference: {fileID: 0}
    - target: {fileID: 8379354251276882821, guid: ee34adc042fae7c44b4bea47b2d86420,
        type: 3}
      propertyPath: m_LocalRotation.w
      value: 0.9238795
      objectReference: {fileID: 0}
    - target: {fileID: 8379354251276882821, guid: ee34adc042fae7c44b4bea47b2d86420,
        type: 3}
      propertyPath: m_RootOrder
      value: 7
      objectReference: {fileID: 0}
    - target: {fileID: 8379354251276882821, guid: ee34adc042fae7c44b4bea47b2d86420,
        type: 3}
      propertyPath: m_LocalEulerAnglesHint.x
      value: 0
      objectReference: {fileID: 0}
    - target: {fileID: 8379354251276882821, guid: ee34adc042fae7c44b4bea47b2d86420,
        type: 3}
      propertyPath: m_LocalEulerAnglesHint.y
      value: 0
      objectReference: {fileID: 0}
    - target: {fileID: 8379354251276882821, guid: ee34adc042fae7c44b4bea47b2d86420,
        type: 3}
      propertyPath: m_LocalEulerAnglesHint.z
      value: 0
      objectReference: {fileID: 0}
    - target: {fileID: 8379354251276882822, guid: ee34adc042fae7c44b4bea47b2d86420,
        type: 3}
      propertyPath: target
      value: 
      objectReference: {fileID: 8863864947423784670, guid: fb535a4ff5e743540b7a9221f620de81,
        type: 3}
    - target: {fileID: 8379354251276882822, guid: ee34adc042fae7c44b4bea47b2d86420,
        type: 3}
      propertyPath: camHeight
      value: 0
      objectReference: {fileID: 0}
    m_RemovedComponents: []
  m_SourcePrefab: {fileID: 100100000, guid: ee34adc042fae7c44b4bea47b2d86420, type: 3}
--- !u!1001 &1986080768588820829
PrefabInstance:
  m_ObjectHideFlags: 0
  serializedVersion: 2
  m_Modification:
    m_TransformParent: {fileID: 0}
    m_Modifications:
    - target: {fileID: 1986080769720707266, guid: c4c1cfbdf0d789249842a1876245d596,
        type: 3}
      propertyPath: m_Name
      value: Interactable Wall (S_1)
      objectReference: {fileID: 0}
    - target: {fileID: 1986080769720707325, guid: c4c1cfbdf0d789249842a1876245d596,
        type: 3}
      propertyPath: m_LocalPosition.x
      value: -20.93
      objectReference: {fileID: 0}
    - target: {fileID: 1986080769720707325, guid: c4c1cfbdf0d789249842a1876245d596,
        type: 3}
      propertyPath: m_LocalPosition.y
      value: 0.5
      objectReference: {fileID: 0}
    - target: {fileID: 1986080769720707325, guid: c4c1cfbdf0d789249842a1876245d596,
        type: 3}
      propertyPath: m_LocalPosition.z
      value: 4.58
      objectReference: {fileID: 0}
    - target: {fileID: 1986080769720707325, guid: c4c1cfbdf0d789249842a1876245d596,
        type: 3}
      propertyPath: m_LocalRotation.x
      value: 0
      objectReference: {fileID: 0}
    - target: {fileID: 1986080769720707325, guid: c4c1cfbdf0d789249842a1876245d596,
        type: 3}
      propertyPath: m_LocalRotation.y
      value: 0
      objectReference: {fileID: 0}
    - target: {fileID: 1986080769720707325, guid: c4c1cfbdf0d789249842a1876245d596,
        type: 3}
      propertyPath: m_LocalRotation.z
      value: 0
      objectReference: {fileID: 0}
    - target: {fileID: 1986080769720707325, guid: c4c1cfbdf0d789249842a1876245d596,
        type: 3}
      propertyPath: m_LocalRotation.w
      value: 1
      objectReference: {fileID: 0}
    - target: {fileID: 1986080769720707325, guid: c4c1cfbdf0d789249842a1876245d596,
        type: 3}
      propertyPath: m_RootOrder
      value: 10
      objectReference: {fileID: 0}
    - target: {fileID: 1986080769720707325, guid: c4c1cfbdf0d789249842a1876245d596,
        type: 3}
      propertyPath: m_LocalEulerAnglesHint.x
      value: 0
      objectReference: {fileID: 0}
    - target: {fileID: 1986080769720707325, guid: c4c1cfbdf0d789249842a1876245d596,
        type: 3}
      propertyPath: m_LocalEulerAnglesHint.y
      value: 0
      objectReference: {fileID: 0}
    - target: {fileID: 1986080769720707325, guid: c4c1cfbdf0d789249842a1876245d596,
        type: 3}
      propertyPath: m_LocalEulerAnglesHint.z
      value: 0
      objectReference: {fileID: 0}
    m_RemovedComponents: []
  m_SourcePrefab: {fileID: 100100000, guid: c4c1cfbdf0d789249842a1876245d596, type: 3}
--- !u!1001 &2022396306472436274
PrefabInstance:
  m_ObjectHideFlags: 0
  serializedVersion: 2
  m_Modification:
    m_TransformParent: {fileID: 0}
    m_Modifications:
    - target: {fileID: -6716047898821484029, guid: e5d5eb5c196d124469489b96946aa8d6,
        type: 3}
      propertyPath: sceneId
      value: 1856903448
      objectReference: {fileID: 0}
    - target: {fileID: 2022396306938654113, guid: e5d5eb5c196d124469489b96946aa8d6,
        type: 3}
      propertyPath: m_Name
      value: TeleportPad
      objectReference: {fileID: 0}
    - target: {fileID: 2022396306938654118, guid: e5d5eb5c196d124469489b96946aa8d6,
        type: 3}
      propertyPath: teleportTarget
      value: 
      objectReference: {fileID: 5502835447280571952, guid: 0e14511f523c76947acce4bc9c03226a,
        type: 3}
    - target: {fileID: 2022396306938654119, guid: e5d5eb5c196d124469489b96946aa8d6,
        type: 3}
      propertyPath: m_Radius
      value: 0.5
      objectReference: {fileID: 0}
    - target: {fileID: 2022396306938654122, guid: e5d5eb5c196d124469489b96946aa8d6,
        type: 3}
      propertyPath: m_LocalPosition.x
      value: -27.41
      objectReference: {fileID: 0}
    - target: {fileID: 2022396306938654122, guid: e5d5eb5c196d124469489b96946aa8d6,
        type: 3}
      propertyPath: m_LocalPosition.y
      value: -0.11
      objectReference: {fileID: 0}
    - target: {fileID: 2022396306938654122, guid: e5d5eb5c196d124469489b96946aa8d6,
        type: 3}
      propertyPath: m_LocalPosition.z
      value: -3.1143768
      objectReference: {fileID: 0}
    - target: {fileID: 2022396306938654122, guid: e5d5eb5c196d124469489b96946aa8d6,
        type: 3}
      propertyPath: m_LocalRotation.x
      value: -0
      objectReference: {fileID: 0}
    - target: {fileID: 2022396306938654122, guid: e5d5eb5c196d124469489b96946aa8d6,
        type: 3}
      propertyPath: m_LocalRotation.y
      value: -0
      objectReference: {fileID: 0}
    - target: {fileID: 2022396306938654122, guid: e5d5eb5c196d124469489b96946aa8d6,
        type: 3}
      propertyPath: m_LocalRotation.z
      value: -0
      objectReference: {fileID: 0}
    - target: {fileID: 2022396306938654122, guid: e5d5eb5c196d124469489b96946aa8d6,
        type: 3}
      propertyPath: m_LocalRotation.w
      value: 1
      objectReference: {fileID: 0}
    - target: {fileID: 2022396306938654122, guid: e5d5eb5c196d124469489b96946aa8d6,
        type: 3}
      propertyPath: m_RootOrder
      value: 11
      objectReference: {fileID: 0}
    - target: {fileID: 2022396306938654122, guid: e5d5eb5c196d124469489b96946aa8d6,
        type: 3}
      propertyPath: m_LocalEulerAnglesHint.x
      value: 0
      objectReference: {fileID: 0}
    - target: {fileID: 2022396306938654122, guid: e5d5eb5c196d124469489b96946aa8d6,
        type: 3}
      propertyPath: m_LocalEulerAnglesHint.y
      value: 0
      objectReference: {fileID: 0}
    - target: {fileID: 2022396306938654122, guid: e5d5eb5c196d124469489b96946aa8d6,
        type: 3}
      propertyPath: m_LocalEulerAnglesHint.z
      value: 0
      objectReference: {fileID: 0}
    m_RemovedComponents: []
  m_SourcePrefab: {fileID: 100100000, guid: e5d5eb5c196d124469489b96946aa8d6, type: 3}
--- !u!1001 &3304406306491857712
PrefabInstance:
  m_ObjectHideFlags: 0
  serializedVersion: 2
  m_Modification:
    m_TransformParent: {fileID: 0}
    m_Modifications:
    - target: {fileID: 3304406305774093008, guid: 52a5298c80db5d14d91bdd35dd0671b7,
        type: 3}
      propertyPath: m_Name
      value: Player Spawn Point
      objectReference: {fileID: 0}
    - target: {fileID: 3304406305774093012, guid: 52a5298c80db5d14d91bdd35dd0671b7,
        type: 3}
      propertyPath: m_LocalPosition.x
      value: -28.84
      objectReference: {fileID: 0}
    - target: {fileID: 3304406305774093012, guid: 52a5298c80db5d14d91bdd35dd0671b7,
        type: 3}
      propertyPath: m_LocalPosition.y
      value: -0.11
      objectReference: {fileID: 0}
    - target: {fileID: 3304406305774093012, guid: 52a5298c80db5d14d91bdd35dd0671b7,
        type: 3}
      propertyPath: m_LocalPosition.z
      value: 5.66
      objectReference: {fileID: 0}
    - target: {fileID: 3304406305774093012, guid: 52a5298c80db5d14d91bdd35dd0671b7,
        type: 3}
      propertyPath: m_LocalRotation.x
      value: -0.7071068
      objectReference: {fileID: 0}
    - target: {fileID: 3304406305774093012, guid: 52a5298c80db5d14d91bdd35dd0671b7,
        type: 3}
      propertyPath: m_LocalRotation.y
      value: 0
      objectReference: {fileID: 0}
    - target: {fileID: 3304406305774093012, guid: 52a5298c80db5d14d91bdd35dd0671b7,
        type: 3}
      propertyPath: m_LocalRotation.z
      value: 0
      objectReference: {fileID: 0}
    - target: {fileID: 3304406305774093012, guid: 52a5298c80db5d14d91bdd35dd0671b7,
        type: 3}
      propertyPath: m_LocalRotation.w
      value: 0.7071068
      objectReference: {fileID: 0}
    - target: {fileID: 3304406305774093012, guid: 52a5298c80db5d14d91bdd35dd0671b7,
        type: 3}
      propertyPath: m_RootOrder
      value: 8
      objectReference: {fileID: 0}
    - target: {fileID: 3304406305774093012, guid: 52a5298c80db5d14d91bdd35dd0671b7,
        type: 3}
      propertyPath: m_LocalEulerAnglesHint.x
      value: 0
      objectReference: {fileID: 0}
    - target: {fileID: 3304406305774093012, guid: 52a5298c80db5d14d91bdd35dd0671b7,
        type: 3}
      propertyPath: m_LocalEulerAnglesHint.y
      value: 0
      objectReference: {fileID: 0}
    - target: {fileID: 3304406305774093012, guid: 52a5298c80db5d14d91bdd35dd0671b7,
        type: 3}
      propertyPath: m_LocalEulerAnglesHint.z
      value: 0
      objectReference: {fileID: 0}
    m_RemovedComponents: []
  m_SourcePrefab: {fileID: 100100000, guid: 52a5298c80db5d14d91bdd35dd0671b7, type: 3}
--- !u!1001 &4759611791511983484
PrefabInstance:
  m_ObjectHideFlags: 0
  serializedVersion: 2
  m_Modification:
    m_TransformParent: {fileID: 0}
    m_Modifications:
    - target: {fileID: 3749333325419390023, guid: f509a8025dacad747b1f3e308f558860,
        type: 3}
      propertyPath: sceneId
      value: 3509496554
      objectReference: {fileID: 0}
    - target: {fileID: 4759611789771613812, guid: f509a8025dacad747b1f3e308f558860,
        type: 3}
      propertyPath: winScreen
      value: 
      objectReference: {fileID: 1968429192}
    - target: {fileID: 4759611789771613812, guid: f509a8025dacad747b1f3e308f558860,
        type: 3}
      propertyPath: WinScreenText
      value: 
      objectReference: {fileID: 654218213}
    - target: {fileID: 4759611789771613812, guid: f509a8025dacad747b1f3e308f558860,
        type: 3}
      propertyPath: WinScreenButton
      value: 
      objectReference: {fileID: 1220013706}
    - target: {fileID: 4759611789771613812, guid: f509a8025dacad747b1f3e308f558860,
        type: 3}
      propertyPath: anim
      value: 
      objectReference: {fileID: 1968429194}
    - target: {fileID: 4759611789771613813, guid: f509a8025dacad747b1f3e308f558860,
        type: 3}
      propertyPath: m_LocalPosition.x
      value: 13.9
      objectReference: {fileID: 0}
    - target: {fileID: 4759611789771613813, guid: f509a8025dacad747b1f3e308f558860,
        type: 3}
      propertyPath: m_LocalPosition.y
      value: -7.7257023
      objectReference: {fileID: 0}
    - target: {fileID: 4759611789771613813, guid: f509a8025dacad747b1f3e308f558860,
        type: 3}
      propertyPath: m_LocalPosition.z
      value: 12.9
      objectReference: {fileID: 0}
    - target: {fileID: 4759611789771613813, guid: f509a8025dacad747b1f3e308f558860,
        type: 3}
      propertyPath: m_LocalRotation.x
      value: 0
      objectReference: {fileID: 0}
    - target: {fileID: 4759611789771613813, guid: f509a8025dacad747b1f3e308f558860,
        type: 3}
      propertyPath: m_LocalRotation.y
      value: 0
      objectReference: {fileID: 0}
    - target: {fileID: 4759611789771613813, guid: f509a8025dacad747b1f3e308f558860,
        type: 3}
      propertyPath: m_LocalRotation.z
      value: 0
      objectReference: {fileID: 0}
    - target: {fileID: 4759611789771613813, guid: f509a8025dacad747b1f3e308f558860,
        type: 3}
      propertyPath: m_LocalRotation.w
      value: 1
      objectReference: {fileID: 0}
    - target: {fileID: 4759611789771613813, guid: f509a8025dacad747b1f3e308f558860,
        type: 3}
      propertyPath: m_RootOrder
      value: 1
      objectReference: {fileID: 0}
    - target: {fileID: 4759611789771613813, guid: f509a8025dacad747b1f3e308f558860,
        type: 3}
      propertyPath: m_LocalEulerAnglesHint.x
      value: 0
      objectReference: {fileID: 0}
    - target: {fileID: 4759611789771613813, guid: f509a8025dacad747b1f3e308f558860,
        type: 3}
      propertyPath: m_LocalEulerAnglesHint.y
      value: 0
      objectReference: {fileID: 0}
    - target: {fileID: 4759611789771613813, guid: f509a8025dacad747b1f3e308f558860,
        type: 3}
      propertyPath: m_LocalEulerAnglesHint.z
      value: 0
      objectReference: {fileID: 0}
    - target: {fileID: 4759611789771613814, guid: f509a8025dacad747b1f3e308f558860,
        type: 3}
      propertyPath: objectiveSpawnPoint
      value: 
      objectReference: {fileID: 1938627469}
    - target: {fileID: 4759611789771613819, guid: f509a8025dacad747b1f3e308f558860,
        type: 3}
      propertyPath: m_Name
      value: GameController
      objectReference: {fileID: 0}
    m_RemovedComponents: []
  m_SourcePrefab: {fileID: 100100000, guid: f509a8025dacad747b1f3e308f558860, type: 3}
--- !u!1001 &5502835448825212664
PrefabInstance:
  m_ObjectHideFlags: 0
  serializedVersion: 2
  m_Modification:
    m_TransformParent: {fileID: 0}
    m_Modifications:
    - target: {fileID: 5502835447280571952, guid: 0e14511f523c76947acce4bc9c03226a,
        type: 3}
      propertyPath: m_LocalPosition.x
      value: -19.76
      objectReference: {fileID: 0}
    - target: {fileID: 5502835447280571952, guid: 0e14511f523c76947acce4bc9c03226a,
        type: 3}
      propertyPath: m_LocalPosition.y
      value: -0.11
      objectReference: {fileID: 0}
    - target: {fileID: 5502835447280571952, guid: 0e14511f523c76947acce4bc9c03226a,
        type: 3}
      propertyPath: m_LocalPosition.z
      value: -3.62
      objectReference: {fileID: 0}
    - target: {fileID: 5502835447280571952, guid: 0e14511f523c76947acce4bc9c03226a,
        type: 3}
      propertyPath: m_LocalRotation.x
      value: -0
      objectReference: {fileID: 0}
    - target: {fileID: 5502835447280571952, guid: 0e14511f523c76947acce4bc9c03226a,
        type: 3}
      propertyPath: m_LocalRotation.y
      value: -0
      objectReference: {fileID: 0}
    - target: {fileID: 5502835447280571952, guid: 0e14511f523c76947acce4bc9c03226a,
        type: 3}
      propertyPath: m_LocalRotation.z
      value: -0
      objectReference: {fileID: 0}
    - target: {fileID: 5502835447280571952, guid: 0e14511f523c76947acce4bc9c03226a,
        type: 3}
      propertyPath: m_LocalRotation.w
      value: 1
      objectReference: {fileID: 0}
    - target: {fileID: 5502835447280571952, guid: 0e14511f523c76947acce4bc9c03226a,
        type: 3}
      propertyPath: m_RootOrder
      value: 12
      objectReference: {fileID: 0}
    - target: {fileID: 5502835447280571952, guid: 0e14511f523c76947acce4bc9c03226a,
        type: 3}
      propertyPath: m_LocalEulerAnglesHint.x
      value: 0
      objectReference: {fileID: 0}
    - target: {fileID: 5502835447280571952, guid: 0e14511f523c76947acce4bc9c03226a,
        type: 3}
      propertyPath: m_LocalEulerAnglesHint.y
      value: 0
      objectReference: {fileID: 0}
    - target: {fileID: 5502835447280571952, guid: 0e14511f523c76947acce4bc9c03226a,
        type: 3}
      propertyPath: m_LocalEulerAnglesHint.z
      value: 0
      objectReference: {fileID: 0}
    - target: {fileID: 5502835447280571964, guid: 0e14511f523c76947acce4bc9c03226a,
        type: 3}
      propertyPath: m_Name
      value: TeleportTarget
      objectReference: {fileID: 0}
    m_RemovedComponents: []
  m_SourcePrefab: {fileID: 100100000, guid: 0e14511f523c76947acce4bc9c03226a, type: 3}
--- !u!1001 &6866737459644827256
PrefabInstance:
  m_ObjectHideFlags: 0
  serializedVersion: 2
  m_Modification:
    m_TransformParent: {fileID: 0}
    m_Modifications:
    - target: {fileID: 6866737460896691169, guid: 744d5e813dd71fa499df5930b66900a4,
        type: 3}
      propertyPath: m_Name
      value: User Interface
      objectReference: {fileID: 0}
    - target: {fileID: 6866737460896691173, guid: 744d5e813dd71fa499df5930b66900a4,
        type: 3}
      propertyPath: m_LocalPosition.x
      value: 0
      objectReference: {fileID: 0}
    - target: {fileID: 6866737460896691173, guid: 744d5e813dd71fa499df5930b66900a4,
        type: 3}
      propertyPath: m_LocalPosition.y
      value: 0
      objectReference: {fileID: 0}
    - target: {fileID: 6866737460896691173, guid: 744d5e813dd71fa499df5930b66900a4,
        type: 3}
      propertyPath: m_LocalPosition.z
      value: 0
      objectReference: {fileID: 0}
    - target: {fileID: 6866737460896691173, guid: 744d5e813dd71fa499df5930b66900a4,
        type: 3}
      propertyPath: m_LocalRotation.x
      value: 0
      objectReference: {fileID: 0}
    - target: {fileID: 6866737460896691173, guid: 744d5e813dd71fa499df5930b66900a4,
        type: 3}
      propertyPath: m_LocalRotation.y
      value: 0
      objectReference: {fileID: 0}
    - target: {fileID: 6866737460896691173, guid: 744d5e813dd71fa499df5930b66900a4,
        type: 3}
      propertyPath: m_LocalRotation.z
      value: 0
      objectReference: {fileID: 0}
    - target: {fileID: 6866737460896691173, guid: 744d5e813dd71fa499df5930b66900a4,
        type: 3}
      propertyPath: m_LocalRotation.w
      value: 1
      objectReference: {fileID: 0}
    - target: {fileID: 6866737460896691173, guid: 744d5e813dd71fa499df5930b66900a4,
        type: 3}
      propertyPath: m_RootOrder
      value: 6
      objectReference: {fileID: 0}
    - target: {fileID: 6866737460896691173, guid: 744d5e813dd71fa499df5930b66900a4,
        type: 3}
      propertyPath: m_LocalEulerAnglesHint.x
      value: 0
      objectReference: {fileID: 0}
    - target: {fileID: 6866737460896691173, guid: 744d5e813dd71fa499df5930b66900a4,
        type: 3}
      propertyPath: m_LocalEulerAnglesHint.y
      value: 0
      objectReference: {fileID: 0}
    - target: {fileID: 6866737460896691173, guid: 744d5e813dd71fa499df5930b66900a4,
        type: 3}
      propertyPath: m_LocalEulerAnglesHint.z
      value: 0
      objectReference: {fileID: 0}
    - target: {fileID: 6866737460896691173, guid: 744d5e813dd71fa499df5930b66900a4,
        type: 3}
      propertyPath: m_AnchoredPosition.x
      value: 0
      objectReference: {fileID: 0}
    - target: {fileID: 6866737460896691173, guid: 744d5e813dd71fa499df5930b66900a4,
        type: 3}
      propertyPath: m_AnchoredPosition.y
      value: 0
      objectReference: {fileID: 0}
    - target: {fileID: 6866737460896691173, guid: 744d5e813dd71fa499df5930b66900a4,
        type: 3}
      propertyPath: m_SizeDelta.x
      value: 0
      objectReference: {fileID: 0}
    - target: {fileID: 6866737460896691173, guid: 744d5e813dd71fa499df5930b66900a4,
        type: 3}
      propertyPath: m_SizeDelta.y
      value: 0
      objectReference: {fileID: 0}
    - target: {fileID: 6866737460896691173, guid: 744d5e813dd71fa499df5930b66900a4,
        type: 3}
      propertyPath: m_AnchorMin.x
      value: 0
      objectReference: {fileID: 0}
    - target: {fileID: 6866737460896691173, guid: 744d5e813dd71fa499df5930b66900a4,
        type: 3}
      propertyPath: m_AnchorMin.y
      value: 0
      objectReference: {fileID: 0}
    - target: {fileID: 6866737460896691173, guid: 744d5e813dd71fa499df5930b66900a4,
        type: 3}
      propertyPath: m_AnchorMax.x
      value: 0
      objectReference: {fileID: 0}
    - target: {fileID: 6866737460896691173, guid: 744d5e813dd71fa499df5930b66900a4,
        type: 3}
      propertyPath: m_AnchorMax.y
      value: 0
      objectReference: {fileID: 0}
    - target: {fileID: 6866737460896691173, guid: 744d5e813dd71fa499df5930b66900a4,
        type: 3}
      propertyPath: m_Pivot.x
      value: 0
      objectReference: {fileID: 0}
    - target: {fileID: 6866737460896691173, guid: 744d5e813dd71fa499df5930b66900a4,
        type: 3}
      propertyPath: m_Pivot.y
      value: 0
      objectReference: {fileID: 0}
    m_RemovedComponents: []
  m_SourcePrefab: {fileID: 100100000, guid: 744d5e813dd71fa499df5930b66900a4, type: 3}
--- !u!1001 &7241163562675150324
PrefabInstance:
  m_ObjectHideFlags: 0
  serializedVersion: 2
  m_Modification:
    m_TransformParent: {fileID: 0}
    m_Modifications:
    - target: {fileID: 7241163564026431097, guid: 7652df776a2f5a44c89e3569a2c4aede,
        type: 3}
      propertyPath: m_Name
      value: ObjectiveSpawnPoint
      objectReference: {fileID: 0}
    - target: {fileID: 7241163564026431098, guid: 7652df776a2f5a44c89e3569a2c4aede,
        type: 3}
      propertyPath: m_LocalPosition.x
      value: -20
      objectReference: {fileID: 0}
    - target: {fileID: 7241163564026431098, guid: 7652df776a2f5a44c89e3569a2c4aede,
        type: 3}
      propertyPath: m_LocalPosition.y
      value: 0.5
      objectReference: {fileID: 0}
    - target: {fileID: 7241163564026431098, guid: 7652df776a2f5a44c89e3569a2c4aede,
        type: 3}
      propertyPath: m_LocalPosition.z
      value: 0
      objectReference: {fileID: 0}
    - target: {fileID: 7241163564026431098, guid: 7652df776a2f5a44c89e3569a2c4aede,
        type: 3}
      propertyPath: m_LocalRotation.x
      value: 0
      objectReference: {fileID: 0}
    - target: {fileID: 7241163564026431098, guid: 7652df776a2f5a44c89e3569a2c4aede,
        type: 3}
      propertyPath: m_LocalRotation.y
      value: 0
      objectReference: {fileID: 0}
    - target: {fileID: 7241163564026431098, guid: 7652df776a2f5a44c89e3569a2c4aede,
        type: 3}
      propertyPath: m_LocalRotation.z
      value: 0
      objectReference: {fileID: 0}
    - target: {fileID: 7241163564026431098, guid: 7652df776a2f5a44c89e3569a2c4aede,
        type: 3}
      propertyPath: m_LocalRotation.w
      value: 1
      objectReference: {fileID: 0}
    - target: {fileID: 7241163564026431098, guid: 7652df776a2f5a44c89e3569a2c4aede,
        type: 3}
      propertyPath: m_RootOrder
      value: 9
      objectReference: {fileID: 0}
    - target: {fileID: 7241163564026431098, guid: 7652df776a2f5a44c89e3569a2c4aede,
        type: 3}
      propertyPath: m_LocalEulerAnglesHint.x
      value: 0
      objectReference: {fileID: 0}
    - target: {fileID: 7241163564026431098, guid: 7652df776a2f5a44c89e3569a2c4aede,
        type: 3}
      propertyPath: m_LocalEulerAnglesHint.y
      value: 0
      objectReference: {fileID: 0}
    - target: {fileID: 7241163564026431098, guid: 7652df776a2f5a44c89e3569a2c4aede,
        type: 3}
      propertyPath: m_LocalEulerAnglesHint.z
      value: 0
      objectReference: {fileID: 0}
    m_RemovedComponents: []
  m_SourcePrefab: {fileID: 100100000, guid: 7652df776a2f5a44c89e3569a2c4aede, type: 3}
--- !u!1001 &7424750728444281070
PrefabInstance:
  m_ObjectHideFlags: 0
  serializedVersion: 2
  m_Modification:
    m_TransformParent: {fileID: 0}
    m_Modifications:
    - target: {fileID: 1645259566928856908, guid: 0ddfb82d9e6b537418e00e5da25d3720,
        type: 3}
      propertyPath: sceneId
      value: 2553366080
      objectReference: {fileID: 0}
    - target: {fileID: 7424750729189480002, guid: 0ddfb82d9e6b537418e00e5da25d3720,
        type: 3}
      propertyPath: m_Name
      value: OilFloor
      objectReference: {fileID: 0}
    - target: {fileID: 7424750729189480030, guid: 0ddfb82d9e6b537418e00e5da25d3720,
        type: 3}
      propertyPath: m_LocalPosition.x
      value: -26.96
      objectReference: {fileID: 0}
    - target: {fileID: 7424750729189480030, guid: 0ddfb82d9e6b537418e00e5da25d3720,
        type: 3}
      propertyPath: m_LocalPosition.y
      value: 0
      objectReference: {fileID: 0}
    - target: {fileID: 7424750729189480030, guid: 0ddfb82d9e6b537418e00e5da25d3720,
        type: 3}
      propertyPath: m_LocalPosition.z
      value: 18.02
      objectReference: {fileID: 0}
    - target: {fileID: 7424750729189480030, guid: 0ddfb82d9e6b537418e00e5da25d3720,
        type: 3}
      propertyPath: m_LocalRotation.x
      value: 0
      objectReference: {fileID: 0}
    - target: {fileID: 7424750729189480030, guid: 0ddfb82d9e6b537418e00e5da25d3720,
        type: 3}
      propertyPath: m_LocalRotation.y
      value: 0
      objectReference: {fileID: 0}
    - target: {fileID: 7424750729189480030, guid: 0ddfb82d9e6b537418e00e5da25d3720,
        type: 3}
      propertyPath: m_LocalRotation.z
      value: 0
      objectReference: {fileID: 0}
    - target: {fileID: 7424750729189480030, guid: 0ddfb82d9e6b537418e00e5da25d3720,
        type: 3}
      propertyPath: m_LocalRotation.w
      value: 1
      objectReference: {fileID: 0}
    - target: {fileID: 7424750729189480030, guid: 0ddfb82d9e6b537418e00e5da25d3720,
        type: 3}
      propertyPath: m_RootOrder
      value: 15
      objectReference: {fileID: 0}
    - target: {fileID: 7424750729189480030, guid: 0ddfb82d9e6b537418e00e5da25d3720,
        type: 3}
      propertyPath: m_LocalEulerAnglesHint.x
      value: 0
      objectReference: {fileID: 0}
    - target: {fileID: 7424750729189480030, guid: 0ddfb82d9e6b537418e00e5da25d3720,
        type: 3}
      propertyPath: m_LocalEulerAnglesHint.y
      value: 0
      objectReference: {fileID: 0}
    - target: {fileID: 7424750729189480030, guid: 0ddfb82d9e6b537418e00e5da25d3720,
        type: 3}
      propertyPath: m_LocalEulerAnglesHint.z
      value: 0
      objectReference: {fileID: 0}
    m_RemovedComponents: []
  m_SourcePrefab: {fileID: 100100000, guid: 0ddfb82d9e6b537418e00e5da25d3720, type: 3}
--- !u!1001 &8695208471439872528
PrefabInstance:
  m_ObjectHideFlags: 0
  serializedVersion: 2
  m_Modification:
    m_TransformParent: {fileID: 0}
    m_Modifications:
    - target: {fileID: 8695208471500957672, guid: dc52439d98e13ca4388b1cf805839991,
        type: 3}
      propertyPath: m_Name
      value: Wall
      objectReference: {fileID: 0}
    - target: {fileID: 8695208471500957674, guid: dc52439d98e13ca4388b1cf805839991,
        type: 3}
      propertyPath: m_Enabled
      value: 1
      objectReference: {fileID: 0}
    - target: {fileID: 8695208471634988905, guid: dc52439d98e13ca4388b1cf805839991,
        type: 3}
      propertyPath: m_Name
      value: Jump Over
      objectReference: {fileID: 0}
    - target: {fileID: 8695208471634988906, guid: dc52439d98e13ca4388b1cf805839991,
        type: 3}
      propertyPath: m_LocalPosition.x
      value: -27.3
      objectReference: {fileID: 0}
    - target: {fileID: 8695208471634988906, guid: dc52439d98e13ca4388b1cf805839991,
        type: 3}
      propertyPath: m_LocalPosition.y
      value: 0.65
      objectReference: {fileID: 0}
    - target: {fileID: 8695208471634988906, guid: dc52439d98e13ca4388b1cf805839991,
        type: 3}
      propertyPath: m_LocalPosition.z
      value: -46.7
      objectReference: {fileID: 0}
    - target: {fileID: 8695208471634988906, guid: dc52439d98e13ca4388b1cf805839991,
        type: 3}
      propertyPath: m_LocalRotation.x
      value: 0
      objectReference: {fileID: 0}
    - target: {fileID: 8695208471634988906, guid: dc52439d98e13ca4388b1cf805839991,
        type: 3}
      propertyPath: m_LocalRotation.y
      value: 0
      objectReference: {fileID: 0}
    - target: {fileID: 8695208471634988906, guid: dc52439d98e13ca4388b1cf805839991,
        type: 3}
      propertyPath: m_LocalRotation.z
      value: 0
      objectReference: {fileID: 0}
    - target: {fileID: 8695208471634988906, guid: dc52439d98e13ca4388b1cf805839991,
        type: 3}
      propertyPath: m_LocalRotation.w
      value: 1
      objectReference: {fileID: 0}
    - target: {fileID: 8695208471634988906, guid: dc52439d98e13ca4388b1cf805839991,
        type: 3}
      propertyPath: m_RootOrder
      value: 14
      objectReference: {fileID: 0}
    - target: {fileID: 8695208471634988906, guid: dc52439d98e13ca4388b1cf805839991,
        type: 3}
      propertyPath: m_LocalEulerAnglesHint.x
      value: 0
      objectReference: {fileID: 0}
    - target: {fileID: 8695208471634988906, guid: dc52439d98e13ca4388b1cf805839991,
        type: 3}
      propertyPath: m_LocalEulerAnglesHint.y
      value: 0
      objectReference: {fileID: 0}
    - target: {fileID: 8695208471634988906, guid: dc52439d98e13ca4388b1cf805839991,
        type: 3}
      propertyPath: m_LocalEulerAnglesHint.z
      value: 0
      objectReference: {fileID: 0}
    m_RemovedComponents: []
  m_SourcePrefab: {fileID: 100100000, guid: dc52439d98e13ca4388b1cf805839991, type: 3}
